1900 3072
702 603 1348 661 ΛΑΜΠΡΟΚΛΕΟΤΣ

967 730 1092 789 Βίος

352 844 464 890 Sch.
512 844 634 891 Plat.
689 843 789 889 Alc.
835 844 928 891 118
957 860 982 889 c
1080 836 1461 903 Πυθοκλείδης
1514 837 1781 905 μουσικὸς

277 911 358 977 ῆν,
391 916 486 977 τῆς
527 916 726 979 σεμνῆς
764 915 1030 978 μουσικῆς
1070 910 1428 971 διδάσκαλος,
1457 910 1548 962 καὶ
1589 911 1781 963 Πυθα-

276 982 501 1052 Ὑόρειος,
525 984 587 1037 οὗ
612 982 862 1052 μαθητὴς
888 982 1255 1050 Ἀγαθοκλῆς,
1287 983 1348 1036 οὗ
1374 986 1779 1054 Λαμπροκλῆς,

278 1057 341 1110 οὗ
370 1058 587 1124 Δάμων.

355 1157 486 1206 Plu’c.
535 1155 660 1202 DIns.
705 1158 766 1204 16
826 1152 909 1219 [π.
950 1156 1043 1218 τῆς
1089 1150 1436 1219 Μιξολυδίου
1478 1152 1780 1223 ἁρμονίας]·

279 1227 334 1278 ἐν
363 1224 416 1277 δὲ
445 1227 557 1279 τοῖς
573 1223 896 1292 Ῑστορικοῖς
925 1247 1019 1290 της
1040 1222 1371 1294 (Αρμονικῆς
1400 1224 1781 1291 Πυθοκλείδην

281 1298 420 1366 φησὶ
459 1294 889 1366 (Ἀριστόξενος)
932 1296 1023 1349 τὸν
1066 1298 1314 1363 αὐλητην
1353 1297 1573 1385 εὑρετὴν
1614 1299 1781 1365 αὐτῆς

277 1369 571 1438 «γεγονέναι.
649 1372 825 1427 Λῦσις
857 1369 912 1422 δὲ
947 1369 1331 1439 Λαμπροκλέα
1371 1370 1465 1423 τὸν
1491 1372 1782 1437 Ἀθηναῖον

280 1441 626 1495 συνιδόντα’
599 1464 681 1494 οτι
709 1443 806 1494 οὐκ
835 1443 1115 1495 ἐνταῦθα’
1100 1443 1213 1513 ἔχει
1237 1443 1335 1508 τὴν
1355 1442 1671 1512 διάζευξιν”
1643 1465 1784 1496 οπου

281 1514 482 1587 σχεδὸν
516 1515 756 1571 ἅπαντες
785 1516 973 1584 ὤοντο,
1003 1515 1131 1567 ἀλλ’
1169 1515 1261 1568 ἐπὶ
1297 1515 1357 1568 τὸ
1391 1515 1504 1583 ὀξύ,
1534 1519 1783 1570 τοιοῦτον

279 1589 448 1653 αὐτῆς
501 1586 937 1654 ἀπεργάσασθαι
989 1588 1051 1640 τὸ
1117 1593 1313 1659 σχῆμα
1377 1589 1490 1642 οἷον
1545 1589 1604 1643 τὸ
1669 1587 1782 1642 ἀπὸ

279 1659 604 1730 παραμέσης
644 1660 735 1713 ἐπὶ
777 1660 993 1726 ὑπάτην
1034 1659 1274 1714 ὑπατῶν.

721 1832 1362 1893 ΛΑΜΠΡΟΚΛΕΟΤΣ

1021 1964 1045 2010 1

337 2060 433 2101 Seh.
467 2061 541 2098 Ar.
578 2061 688 2100 Nub.
725 2061 803 2102 967
863 2060 970 2111 [εἶτα
999 2058 1179 2108 βαδίζειν
1211 2062 1252 2098 ἐν
1281 2063 1418 2100 ταῖσιν
1449 2063 1554 2100 ὁδοῖς
1583 2059 1788 2102 εὐτάκτως

281 2117 321 2155 ἐς
365 2115 749 2168 κιθαριστοῦΙτοὺς
799 2115 986 2163 κωμήτας
1034 2116 1210 2165 ’γυμνοὺς
1258 2113 1435 2166 ἁθρόους,
1481 2116 1542 2154 κεῖ
1590 2116 1789 2167 κριμνώδη

282 2170 510 2216 κατανίφοι·
539 2168 544 2221 Ι
599 2170 674 2208 εἶτ’
715 2176 763 2209 αὐ
810 2172 1026 2220 προμαθεῖν
1075 2172 1170 2221 ᾆσμ’
1219 2171 1430 2210 ἐδιδασκεν
1476 2171 1533 2209 τὼ
1578 2170 1689 2221 μηρὼ
1732 2171 1789 2220 μὴ

280 2226 540 2274 ξυνέχοντας,
568 2223 628 2279 Ιῆ
677 2224 876 2264 Παλλάδα
923 2224 1174 2275 περσέπολιν
1216 2224 1348 2264 δεινὰν
1396 2226 1419 2273 ἢ
1467 2223 1701 2275 Τηλέπορόν
1748 2240 1789 2263 τι

281 2279 429 2328 βόαμα,
459 2276 465 2332 Ι
492 2280 792 2327 ἐντειναμενους
820 2279 896 2325 την
926 2278 1117 2329 ἇρμονιαν
1149 2280 1201 2326 ἢν
1234 2281 1270 2318 οἷ
1301 2296 1472 2331 πατερες
1503 2277 1750 2331 παρεδωκαν·
1777 2275 1785 2332 1

281 2336 316 2374 εἰ
346 2336 388 2373 δέ
419 2349 479 2373 τις
510 2336 640 2374 αὐτῶν
669 2333 1029 2382 βωμολοχεύσαιτ’
1059 2335 1083 2381 ἢ
1116 2334 1312 2383 κάμψειέν
1343 2351 1433 2373 τινα
1465 2334 1642 2384 καμπήν,
1670 2331 1677 2388 1
1703 2336 1788 2374 οἵας

281 2391 318 2429 οἱ
338 2391 407 2428 νῦν
426 2389 499 2429 τὰς
520 2389 623 2429 κατὰ
643 2391 784 2439 Φρῦνιν
808 2388 959 2428 ταύτας
979 2390 1052 2428 τὰς
1081 2389 1483 2439 δυσκολοκάμπτους,
1515 2399 1522 2443 1
1549 2389 1788 2440 ἐπετρίβετο

338 2569 354 2595 ¹
383 2571 437 2611 ef.
463 2572 533 2610 Ox.
571 2571 672 2621 Pap.
710 2571 825 2609 1611.
866 2571 940 2609 160
972 2570 1029 2618 ff.,
1063 2569 1160 2610 Sch.
1196 2570 1381 2611 Aristid.
1418 2571 1456 2611 3.
1491 2572 1529 2611 5.
1555 2570 1620 2618 37,
1647 2568 1769 2610 Suid.

280 2625 517 2677 τηλέπορον,
544 2625 614 2664 ΤΖ.
641 2625 749 2664 Hist.
780 2626 813 2663 l.
840 2625 919 2664 683
949 2624 1094 2672 (reads
1123 2624 1366 2673 δαμόπωλον
1394 2624 1482 2664 and
1511 2623 1701 2664 ascribes
1731 2628 1779 2664 to

284 2709 346 2750 40
