1900 3072
793 175 978 220 LYRA
1027 174 1307 222 GRAECA

292 306 438 351 Ἀθηνᾶ
458 303 533 353 μὲν
550 304 759 345 ἐδίδασκεν
778 305 900 345 αὐτὰς
931 306 1070 347 ἱστοὺς
1099 306 1338 358 ἐξυφαίνειν,
1356 305 1574 357 Ἀφροδίτη
1592 304 1634 346 δὲ
1655 307 1794 345 αὐταις

295 358 418 398 ἔδωκε
453 357 620 399 κάλλος.
690 360 774 399 ἐπεὶ
815 360 857 400 δὲ
890 362 1047 401 Ἀονίαν
1080 362 1184 409 ὅλην
1218 360 1346 406 ἔλαβε
1378 362 1519 410 λοιμὸς
1548 362 1614 402 καὶ
1643 360 1793 400 πολλοὶ

294 411 560 465 ἀπέθνῃσκον,
589 415 757 465 θεωροὺς
778 414 1028 455 ἀπέστειλαν
1051 417 1155 467 παρὰ
1184 418 1256 456 τὸν
1277 414 1519 456 Ἀπόλλωνα
1546 417 1621 455 τὸν
1649 413 1792 466 Γορτύ·

296 484 390 508 νιον.
445 468 508 508 καὶ
529 471 664 510 αὐτοῖς
686 470 797 509 εἶπεν
818 472 837 508 ὃ
859 471 947 511 θεὸς
968 470 1219 511 ἷλάσσασθαι
1241 470 1309 510 δύο
1325 473 1419 512 τοὺς
1435 472 1649 521 ἐριουνίους
1665 468 1791 510 θεούς·

294 522 374 571 ἔφη
395 521 437 562 δὲ
459 524 733 564 καταπαύσειν
749 525 892 565 αὐτοὺς
912 527 989 573 τὴν
1000 529 1133 575 μῆν,ιν
1154 526 1188 565 εἷ
1210 526 1278 565 δύο
1293 528 1407 566 δυσὶν
1428 527 1592 567 ἑκοῦσαι
1610 523 1794 578 παρθένοι

294 579 450 626 θύματα
469 579 667 629 γένοιντο.
717 580 813 631 πρὸς
845 580 886 619 δὲ
915 582 962 627 δὴ
982 582 1031 620 τὸ
1051 597 1241 630 μαντειον
1260 581 1425 631 ουδεμία
1443 584 1525 620 τῶν
1546 584 1589 621 ἐν
1603 583 1654 634 τῇ
1674 579 1794 620 πόλει

291 630 527 684 παρθένωνε
511 634 753 682 υπήκουσεν,
777 635 874 685 ἄχρι
898 636 1001 685 γυνη
1025 638 1159 680 θῆσσα
1178 637 1252 674 τὸν
1274 637 1463 688 χρησμὸν
1483 636 1675 686 ἐξήνεγκε
1694 635 1792 687 πρὸς

291 687 365 727 τὰς
396 689 616 742 θυγατέρας
645 690 716 728 τοῦ
751 689 947 741 Ὠρίωνος.
1013 691 1052 729 αἱ
1077 692 1112 730 δ’
1145 693 1193 730 ὡς
1226 690 1417 731 ἐπύθοντο
1449 693 1537 742 περὶ
1572 691 1646 730 τὸν
1675 691 1793 730 ἱστὸν

293 742 479 792 ἔχουσαι,
505 746 578 784 τὸν
610 744 706 795 ὑπὲρ
740 744 875 784 ἀστῶν
905 749 1074 784 θάνατον
1109 743 1294 797 ἐδέξαντο
1314 746 1447 798 πρὶν*
1427 763 1450 793 η
1481 748 1558 793 τὴν
1588 745 1793 795 ἐπιδήμιον

290 798 566 838 ἐπιπεσοῦσαν
584 800 706 839 αὐτὰς
727 800 921 869 ἀφανίσαι
943 798 1076 841 νόσον.
1130 802 1216 872 τρὶς
1250 800 1292 839 δὲ
1321 801 1575 851 βοησάμεναι
1604 800 1791 851 χθονίους

291 851 535 902 δαίμονας,”
516 871 578 893 οτι
598 857 733 894 αὐτοῖς
755 857 921 894 ἑκοῦσαι
943 854 1098 924 θύματα
1125 856 1319 907 γίνονται,
1344 854 1547 908 ἐπάταξαν
1575 856 1721 896 ἑαυτὰς
1739 856 1790 907 τῇ

291 908 439 958 κερκίδι
460 910 566 959 παρὰ
585 910 662 956 τὴν
683 913 824 949 κλεῖδα
840 910 904 950 καὶ
927 909 1143 962 ἀνέρρηξαν
1163 912 1239 958 τὴν
1259 911 1439 961 σφαγην.
1494 912 1557 952 καὶ
1579 909 1698 950 αῧται
1717 909 1792 960 μὲν

290 961 514 1015 ἀμφότεραι
535 964 764 1005 κατέπεσον
795 967 835 1005 ἐς
864 966 940 1011 τὴν
969 968 1062 1016 γῆν,
1086 963 1320 1016 Φερσεφόνη
1342 966 1384 1005 δὲ
1415 967 1479 1006 καὶ
1502 966 1645 1012 σΑιδης
1666 965 1789 1004 οἰκτί-

287 1034 430 1069 ραντες
459 1020 510 1057 τὰ
540 1019 613 1067 μὲν
646 1020 815 1069 σώματα
843 1023 925 1058 τῶν
956 1022 1159 1072 παρθένων
1188 1017 1402 1070 ἠφάνισαν,
1439 1021 1526 1061 ἀντι
1563 1020 1597 1060 δ’
1631 1020 1792 1060 ἐκείνων

289 1071 464 1124 ἀστέρας
493 1074 722 1144 ὰνήιεγκαν
752 1077 797 1114 ἐκ
826 1077 900 1120 τῆς
926 1077 1091 1125 γῆς·οἷ
1121 1073 1163 1115 δὲ
1190 1072 1387 1126 φανέντες
1417 1075 1703 1126 ἀνηνέχθησαν
1732 1075 1789 1115 εἷς

290 1128 472 1178 οὐρανόν,
501 1128 565 1168 καὶ
596 1130 742 1168 αὐτοὺς
772 1128 985 1179 ὠνόμασαν
1015 1131 1210 1180 ἄνθρωποι
1241 1130 1435 1179 κομήτας.
1501 1130 1717 1180 ἱδρύσαντο
1745 1133 1790 1170 δὲ

289 1182 439 1222 πάντες
471 1182 614 1223 Ἀονες
654 1186 696 1223 ἐν
735 1187 968 1236 Ὀρχομενῷ
1007 1188 1082 1231 τῆς
1116 1185 1307 1225 Βοιωτίας
1337 1187 1443 1235 ἱερὸν
1476 1185 1673 1234 ἐπίσημον
1708 1188 1790 1224 τῶν

287 1236 491 1288 παρθένων
510 1238 679 1287 τούτων,
705 1240 769 1279 καὶ
801 1242 938 1279 αὐταῖς
964 1240 1050 1279 καθ’
1078 1240 1254 1281 ἕκαστον
1274 1240 1364 1280 ἔτος
1385 1240 1495 1291 κόροι
1515 1256 1561 1279 τε
1582 1240 1646 1281 καὶ
1676 1238 1789 1291 κόραι

286 1294 536 1343 μειλίγματα
557 1293 760 1343 φέρουσιν.
814 1295 1157 1347 προσαγορεύουσι
1189 1296 1230 1336 δὲ
1259 1296 1383 1336 αὐτὰς
1409 1296 1506 1346 ἄχρι
1527 1297 1597 1336 νῦν
1627 1295 1787 1334 Αἰολεῖς

289 1349 514 1400 Κορωναίας
534 1347 549 1371 ¹
569 1348 798 1399 παρθένους.

824 1593 988 1642 29-30
1023 1594 1254 1656 Μινουαίη

340 1688 453 1730 Ibid.
490 1691 539 1730 lO
581 1689 790 1730 Μινυάδες·
842 1692 997 1742 ἱστορεῖ
1034 1691 1250 1743 Νίκανδρος
1290 1691 1623 1743 Ἑτεροιουμένων
1656 1692 1691 1732 δ’
1721 1693 1785 1732 καὶ

287 1743 468 1796 Κόριννα.
523 1745 673 1784 Μινύου
703 1748 775 1785 τοῦ
805 1747 1053 1796 Ὀρχομενοῦ
1087 1747 1276 1798 ἐγένοντο
1313 1746 1529 1798 θυγατέρες
1560 1749 1782 1796 Λευκίππη,

284 1799 504 1850 Ἀρσίππη,
523 1799 737 1849 Ἀλκαθόη,
764 1801 827 1840 καὶ
850 1800 1061 1853 ἀπέβησαν
1084 1801 1263 1842 ἐκτόπως
1282 1802 1482 1854 φιλεργοί.
1543 1804 1722 1842 πλεῖστα
1743 1804 1785 1842 δὲ

285 1855 348 1893 καὶ
378 1856 451 1894 τὰς
472 1855 605 1894 ἄλλας
633 1859 827 1904 γυναῖκας
857 1858 1101 1907 ἐμέμψαντο,
1128 1857 1190 1896 ὅτι
1225 1859 1465 1898 ἐκλιποῦσαι
1492 1859 1570 1905 τὴν
1600 1856 1760 1897 πόλιν’
1741 1874 1784 1897 εν

284 1912 370 1949 τοῖς
400 1911 534 1961 ὄρεσιν
566 1908 807 1961 ἐβάκχευοι,
839 1912 935 1963 ἄχρι
967 1910 1163 1952 Διόνυσος
1198 1914 1400 1953 εἰκασθεὶς
1430 1912 1528 1965 κόρῃ
1557 1913 1783 1966 παρῄνεσεν

285 1965 424 2004 αὐταῖς
462 1964 516 2013 μὴ
561 1966 763 2005 ἐκλείπειν
803 1967 978 2006 τελετὰς
1007 1967 1031 2013 ἢ
1074 1966 1277 2019 μυστήρια
1317 1971 1390 2007 τοῦ
1431 1971 1534 2008 θεοῦ·
1580 1969 1619 2006 αἱ
1657 1967 1699 2008 δὲ
1738 1968 1783 2006 οὐ

282 2023 516 2069 προσεῖχον.
570 2022 670 2071 πρὸς
708 2021 754 2067 δη
794 2023 924 2060 ταῦτα
962 2022 1204 2071 χαλεπήνας
1244 2027 1263 2062 ὃ
1299 2023 1496 2064 Διόνυσος
1535 2023 1622 2063 ἀντὶ
1662 2023 1782 2073 κόρης

283 2073 449 2124 ἐγένετο
490 2075 636 2126 ταῦρος
674 2075 738 2114 καὶ
779 2076 886 2114 λέων
917 2078 979 2115 καὶ
1024 2075 1232 2127 πάρδαλις,
1268 2079 1332 2117 καὶ
1366 2080 1410 2118 ἐκ
1444 2082 1525 2118 τῶν
1556 2076 1782 2117 κελεόντων

909 2202 925 2226 1
954 2216 1041 2243 mss
1063 2205 1168 2244 -ίδας

339 2373 352 2398 ¹
379 2374 562 2415 Boeotia
717 2377 733 2402 ²
762 2378 807 2416 in
828 2378 957 2419 Crete
1114 2380 1130 2404 ³
1159 2381 1235 2421 the
1255 2381 1398 2421 oracle
1417 2381 1682 2434 apparently
1700 2394 1779 2421 ran

281 2430 508 2469 ἱλάσσεσθε
539 2433 611 2470 θεὼ
643 2433 817 2482 ἐριουνίω
847 2436 890 2472 αἵ
918 2450 962 2474 κε
991 2439 1187 2485 γενῶνται
1213 2434 1218 2488 Ι
1246 2439 1365 2486 ὔμμιν
1389 2438 1491 2486 θῦμα
1514 2439 1643 2476 δυοῖσι
1666 2434 1779 2487 κόραι

279 2483 346 2524 δύο
369 2487 498 2524 θεοῖσι
520 2486 673 2525 ἑκοΐσαι
782 2487 799 2511 ⁴¹
827 2488 903 2528 the
923 2490 1074 2528 writer
1098 2503 1236 2530 seems
1265 2496 1312 2531 to
1342 2490 1491 2531 derive
1516 2491 1606 2531 this
1634 2503 1775 2539 name,

278 2539 422 2581 which
452 2539 610 2580 should
639 2553 766 2580 mean
794 2542 1009 2593 ‘,curved’
1039 2543 1152 2585 from
1175 2545 1252 2587 the
1278 2545 1388 2600 boys
1410 2545 1498 2586 and
1526 2545 1646 2598 girls,
1671 2543 1778 2597 κόροι

282 2631 343 2672 24
