1900 3072
814 217 998 264 LYRA
1048 216 1327 264 GRAECA

371 347 467 387 Sch.
494 348 550 386 ad
571 348 643 387 loc.
707 350 726 385 ὁ
748 345 791 385 δὲ
814 349 1043 398 Ἱερώνυμος
1071 352 1207 396 μελῶν
1234 347 1402 394 ποιητὴς
1433 347 1496 386 καὶ
1525 348 1818 397 τραγῳδοποιὸς

313 403 525 452 ἀνώμαλος
543 404 605 441 καὶ
624 402 934 450 ἀνοικονόμητος
952 402 1014 441 διὰ
1035 403 1083 440 τὸ
1106 402 1210 453 ἄγαν
1227 404 1413 450 ἐμπαθεῖς
1426 402 1600 453 γράφειν
1613 401 1820 443 ὑποθέσεις

315 460 378 497 καὶ
412 460 604 509 φοβεροῖς
632 458 896 508 προσωπείοις
937 459 1130 510 χρῆσθαι.
1193 458 1320 497 ἐδόκει
1351 458 1393 497 δὲ
1423 460 1664 509 κροτεῖσθαι.
1724 459 1821 497 ἐκω-

313 516 483 563 μῳδεῖτο
505 514 548 552 δὲ
571 515 621 552 ὡς
641 512 744 552 πάνυ
765 515 911 561 κομῶν.
973 510 1108 564 διόπερ
1121 512 1258 553 Ἀϊδος
1279 515 1403 560 κυνῆν
1426 514 1504 564 ἔφη
1525 510 1662 560 αὐτόν,
1682 512 1824 565 παίξας

315 571 550 619 κωμῳδικῶς
574 570 624 607 ὡς
645 571 877 619 κουριῶντα.

369 652 482 693 Ibid.
510 653 623 693 Nub.
643 654 722 696 347
741 653 1063 706 [ΣΩΚΡΑΤΗΣ]-

424 739 638 791 γῖγνονται
658 740 774 780 πάνθ’
799 740 861 779 ὅτι
881 740 1118 785 βούλονται·
1153 739 1241 792 κᾷτ’
1262 739 1311 786 ἢν
1330 738 1403 789 μὲν
1422 742 1537 779 ἴδωσι
1560 739 1757 789 κομήτην,

426 794 565 847 ἄγριόν
586 811 677 835 τινα
695 798 776 835 τῶν
796 795 953 835 λασίων
972 796 1144 842 τούτων,
1168 793 1326 847 οἷόνπερ
1345 796 1419 835 τὸν
1440 795 1713 845 Ξενοφάντου,

427 852 686 891 σκώπτουσαι
706 852 783 898 τὴν
802 851 947 901 μανίαν
966 853 1089 891 αὐτοῦ
1113 850 1352 902 Κενταύροις
1373 850 1529 903 ᾔκασαν
1548 851 1686 892 αὑτάς.

372 936 469 977 Sch.
488 939 545 977 ad
558 939 628 977 loc.
672 935 907 989 Ἱερώνυμον
927 936 1043 989 λέγει
1064 939 1135 977 τὸν
1148 936 1497 989 διθυραμβοποιόν,
1510 938 1554 977 ὃς
1569 935 1823 987 Ξενοφάντου

314 991 389 1039 μὲν
409 991 459 1039 ἦν
479 992 575 1040 υἱός,
597 994 684 1044 περὶ
707 996 748 1033 δὲ
771 995 864 1034 τοὺς
894 996 1034 1034 παῖδας
1065 993 1169 1045 ἄγαν
1199 993 1390 1042 ἐπτόητο,
1415 993 1564 1035 λάσιον
1591 993 1635 1032 δὲ
1665 992 1755 1042 εἶχε
1775 992 1823 1031 τὸ

318 1061 446 1098 σωμα.

319 1263 443 1332 περὶ
467 1260 1053 1377 ΫΚΛΕΟΜΕΝΟΤΣ,
1105 1266 1586 1326 ΛΑΜΤΝΘῘΟΤ,
1642 1267 1819 1318 ΓΝΗ-

468 1348 758 1401 ΙΠΠΟΥ

376 1461 481 1500 Ath.
519 1461 555 1500 9.
590 1461 709 1502 40:221
767 1463 850 1501 ἐπεὶ
885 1460 927 1501 δὲ
961 1462 1011 1502 σὺ
1047 1463 1110 1502 καὶ
1143 1462 1191 1501 τὸ
1221 1460 1453 1514 προβληθέν
1483 1479 1547 1503 σοι
1572 1463 1823 1516 ἀποπροσπε-

321 1517 487 1563 ποίησαι
506 1518 593 1568 περὶ
615 1518 688 1562 τῆς
710 1515 835 1569 χρόας
866 1520 938 1557 τοῦ
968 1516 1224 1557 Καλυδωνίου
1245 1516 1356 1565 συός,
1380 1520 1418 1557 εἴ
1434 1535 1496 1557 τις
1519 1520 1643 1558 αὐτὸν
1672 1522 1827 1572 ἱστορεῖ

322 1573 470 1611 λευκὸν
499 1589 576 1619 την
609 1570 739 1623 χρόαν
767 1572 985 1624 γεγονότα,
1021 1575 1185 1623 ἐροιμεν
1218 1573 1331 1623 ἡμεῖς
1371 1573 1445 1613 τὸν
1477 1573 1655 1614 εἰπόντα·
1697 1577 1747 1614 τὸ
1780 1576 1824 1614 δὲ

319 1626 534 1679 μαρτύριον
554 1626 795 1676 ἀνίχνευσον
816 1629 880 1668 σύ.
936 1630 1079 1672 <οὐ>
1096 1628 1111 1652 ¹
1132 1628 1257 1668 πάλαι
1279 1630 1358 1680 γὰρ
1377 1630 1572 1680 τυγχάνω
1593 1630 1825 1681 ἀνεγνωκὼς

319 1685 413 1723 τοὺς
439 1680 688 1733 Κλεομένους
708 1700 780 1723 του
791 1682 976 1736 Ρηγίνου
997 1683 1290 1735 Διθυράμβους,
1308 1683 1361 1724 ὼν
1381 1685 1424 1723 ἐν
1441 1688 1499 1734 τῷ
1520 1684 1825 1738 ἐπιγραφομένῳ

323 1738 548 1790 Μελεάγρῳ
568 1742 691 1778 τοῦτο
713 1738 938 1791 ἱστόρηται.

378 1817 491 1857 Ibid.
520 1819 582 1856 14.
609 1817 732 1858 638d
753 1820 812 1868 [π.
835 1817 1006 1866 ποιητάς
1025 1821 1241 1869 μοχθηρῶν
1262 1817 1486 1869 ἀσμάτων]·
1520 1821 1539 1858 ὁ
1570 1818 1613 1859 δὲ
1642 1819 1737 1861 τους
1769 1821 1827 1861 εἷς

322 1873 518 1919 Χιωνίδην
533 1874 850 1925 ἀναφερομένους
872 1874 1043 1919 ποιησας
1075 1873 1272 1922 Πτωχοὺς
1298 1873 1529 1921 Γνησίππου
1548 1876 1657 1916 τινὸς
1677 1891 1824 1927 μνημο-

323 1928 426 1968 νεύει
445 1929 767 1980 παιγνιογράφου
787 1932 862 1976 τῆς
883 1930 1025 1981 ἱλαρῆς
1043 1927 1212 1979 μούσης,
1236 1926 1372 1978 λέγων
1391 1930 1530 1969 οὕτως·

595 2008 710 2047 ταῦτ’
732 2025 776 2047 ου
795 2010 850 2059 μὰ
871 2009 947 2048 Δία
969 2008 1196 2055 Γνήσιππος
1218 2006 1308 2046 οὐδε
1331 2008 1559 2057 Κλεομένης

597 2065 639 2103 ἐν
660 2065 760 2103 ἐννέ’
782 2065 829 2103 ἂν
850 2067 1014 2116 χορδαῖς
1028 2065 1043 2088 ²
1066 2061 1410 2113 κατεγλυκάνατο.

377 2140 490 2181 Ibid.
520 2143 581 2182 14.
608 2143 689 2183 620
703 2142 731 2182 d
789 2144 883 2184 τοὺς
905 2144 937 2183 δ’
961 2141 1277 2193 Ἐμπεδοκλέους
1294 2143 1524 2194 Καθαρμοὺς
1546 2142 1828 2194 ἐρραψῴδησεν

322 2197 571 2246 Ὀλυμπίασι
604 2197 835 2247 Κλεομένης
871 2202 890 2238 ὁ
927 2196 1122 2251 ῥαψῳδός,
1160 2199 1210 2237 ὥς
1245 2207 1373 2249 φησιν
1404 2197 1650 2249 Δικαίαρχος
1689 2200 1732 2237 ἐν
1769 2201 1826 2248 τῷ

323 2253 571 2302 Ὀλυμπικῷ.

378 2329 492 2370 Ibid.
522 2333 581 2371 14.
608 2332 724 2371 605e
784 2331 894 2383 κάγὼ
917 2332 957 2372 δὲ
981 2332 1085 2371 κατὰ
1104 2331 1180 2378 τὴν
1201 2330 1464 2383 Ἐπικράτους
1485 2330 1718 2372 Ἀντιλαΐδα

621 2410 807 2459 τάρωτίκ’
831 2410 1088 2459 ἐκμεμάθηκα
1107 2412 1239 2449 ταῦτα
1258 2413 1470 2450 παντελῶς

622 2468 826 2516 Σαπφοῦς,
849 2465 1054 2515 Μελήτου,
1084 2463 1348 2515 Κλεομένους,
1369 2462 1608 2514 Λαμυνθίου.

542 2581 556 2605 ¹
586 2580 624 2620 E
939 2583 957 2607 ²
987 2582 1120 2623 Pors:
1153 2595 1241 2621 mss
1263 2580 1378 2622 ἐννέα
1397 2583 1610 2633 χορδαῖσιν

329 2684 418 2726 242
