1900 3072
320 706 440 755 στρ,
465 707 499 736 α

425 1351 477 1391 10

426 1717 476 1755 15

758 229 942 275 LYRA
993 228 1277 276 GRAECA

902 458 963 505 13
991 455 1131 521 (xvii)

911 574 1126 641 Θησεύς

592 686 844 737 Βασιλεῦ
872 687 973 736 τᾶν
1002 682 1148 751 ἱερᾶν
1174 681 1435 741 Ἀθανᾶν,

518 760 624 810 τῶν
651 754 940 823 ἁβροβίων
967 754 1107 822 ἄναξ
1133 754 1370 814 Ἰώνων,1

517 829 572 883 τί
599 829 715 882 νέον
743 829 947 897 ἔκλαγε
973 827 1348 901 χαλκοκώδων

518 903 779 969 σάλπιγξ
805 902 1112 969 πολεμηίαν
1139 899 1367 954 ἀοιδάν·
1351 924 1367 961 ;

522 975 555 1041 ἢ
584 997 664 1032 τις
693 973 957 1042 ἁμετέρας
984 972 1181 1045 χθονὸς

519 1047 840 1116 δυσμενὴς”
811 1048 911 1116 ορι’
940 1047 1079 1114 ἀμφι
1079 1046 1296 1110 βάλλει

518 1119 904 1190 στραταγέτας
930 1119 1105 1188 ἀνηρ
1090 1160 1100 1179 ,

516 1217 548 1260 η
575 1193 781 1263 λῃσταὶ
811 1193 1197 1263 κακομάχανοι

518 1264 787 1334 ποιμένων
815 1265 1008 1318 ἀέκατι
1033 1264 1224 1331 μηλων

516 1339 727 1392 σεύοντ’
754 1338 958 1406 ἀγέλας
984 1337 1125 1408 βία·
1110 1378 1121 1397 ,

516 1411 548 1478 ἢ
577 1410 629 1465 τί
656 1434 740 1464 τοι
766 1410 997 1481 κραδίαν
1026 1409 1304 1478 ἀμύσσει·
1288 1452 1300 1472 ,

516 1486 772 1553 φθέγγευ·
817 1483 983 1536 δοκέω
1011 1482 1117 1553 γὰρ
1145 1483 1195 1535 εί
1216 1505 1322 1536 τινι
1347 1485 1567 1553 βροτῶν

516 1557 767 1625 ἀλκίμων
794 1554 1112 1625 ἐπικουρίαν

515 1630 608 1683 καὶ
637 1630 720 1683 τὶν
749 1629 970 1697 ἔμμεναι
999 1628 1145 1689 νέων,

519 1702 557 1755 ὦ
586 1702 887 1760 Πανδίονος
917 1701 1005 1754 υἶὲ-
1024 1701 1116 1754 καὶ
1146 1700 1447 1771 Κρεούσας.

301 1799 424 1846 στρ.
454 1774 508 1841 β’
590 1775 733 1828 Νέον
759 1776 924 1842 ἦλθεν
953 1772 1184 1845 δολιχὰν
1212 1773 1460 1843 ἀμείψας

420 2442 473 2481 25

263 2681 352 2726 108

514 1851 690 1918 κᾶρυξ
717 1847 886 1900 ποσὶν
911 1847 1164 1911 Ἰσθμιαν
1192 1845 1468 1900 κελευθον·

514 1920 706 1991 ἄφατα
736 1920 777 1973 δ’
807 1921 980 1989 ἔργα
967 1920 1116 1986 λέγει
1144 1923 1410 1989 κραταιοῦ

512 1992 709 2063 φωτός·
751 1992 842 2046 τὸν
872 1992 1137 2062 ὑπέρβιόν
1166 1990 1211 2045 τ’
1241 1992 1472 2062 ἔπεφνεν

515 2064 733 2127 Σίνιν,
713 2089 766 2123 ος
796 2065 954 2135 ἰσχύι
980 2064 1245 2134 φέρτατος

512 2139 728 2192 θνατῶν
754 2139 832 2204 ἦν,
864 2137 1106 2208 Κρονίδα
1135 2136 1380 2191 Λυταίου

512 2210 861 2301 σεισίχθονος
890 2211 1060 2268 τέκος·

512 2288 614 2337 σῦν
641 2285 688 2336 τ’
716 2283 1127 2352 ἀνδροκτόνον’
1103 2306 1158 2336 εν
1185 2283 1389 2340 νάπαις

515 2359 896 2424 Κρεμμυῶνος,
924 2356 1251 2409 ἀτάσθαλόν
1279 2379 1337 2408 τε

513 2428 762 2499 Σκίρωνα
788 2428 1136 2482 κατέκτανεν·

513 2501 614 2554 τάν
642 2524 699 2554 τε
727 2501 1029 2569 Κερκυόνος
1057 2499 1419 2570 παλαίστραν

511 2575 690 2644 ἔσχεν,
720 2573 1124 2642 Πολυπήμονός
1147 2596 1205 2627 τε
1231 2571 1499 2644 καρτερὰν
