1900 3072
835 234 1022 281 LYRA
1070 233 1351 281 GRAECA

336 365 666 434 «γεγενῆσθαι
731 363 825 418 τὸν
877 362 1282 417 ἀποκτείναντα
1342 362 1508 417 αὐτὸν
1562 363 1837 432 λέγουσιν.

338 439 494 508 ᾐδετο
534 436 638 491 δὲ
616 460 641 490 ο
669 437 864 507 θρῆνος
892 437 1016 506 περὶ
1045 435 1142 493 τὰς
1171 436 1318 493 ἅλως
1347 436 1436 490 καὶ
1466 434 1527 489 τὸ
1565 436 1770 507 θέρος’
1745 437 1839 492 επὶ

338 511 522 565 Μίδου
564 509 908 580 παραμυθία.
988 508 1013 562 ὁ
1055 509 1110 562 δὲ
1151 508 1397 579 Βώριμος
1433 509 1498 575 ἧν
1525 507 1716 562 Ἰόλλα
1745 510 1840 563 καὶ

337 582 739 673 BIaptavssbvov
757 581 1011 650 ἀδελφός,
1042 581 1262 634 Οὐπίου
1289 581 1576 646 βασιλέως
1605 587 1751 643 παῖς,
1783 584 1836 636 ἐν

338 658 480 730 θήρα
532 655 646 713 νεὸς
704 654 816 728 ὥρα
874 654 1062 726 θέρους
1113 654 1428 707 ἀποθανών·
1490 659 1720 723 τιμᾶται
1779 654 1835 708 δὲ

339 713 598 800 θρηνωδει
648 728 772 798 περὶ
815 727 913 795 τὴν
957 727 1227 795 «γεωργίαν
1270 726 1498 800 ἀσματι.
1575 728 1641 793 ἣν
1683 727 1740 781 δέ
1783 751 1836 782 τι

336 804 429 856 καὶ
480 803 675 868 ἀλῆτις
734 806 889 889 ᾀσμα
949 805 1069 857 ταῖς
1128 799 1353 870 αἰώραις
1406 799 1833 892 προσαδόμενον,

337 875 622 945 Θεοδώρου
660 873 873 942 ποίημα
916 877 1012 926 τοῦ
1058 871 1437 943 Κολοφωνίου.
1514 871 1611 926 καί
1649 896 1702 927 τι
1740 874 1834 928 καὶ

335 948 619 1015 ἐπιλήνιον
656 947 882 1015 αὔλημα
921 946 1011 999 ἐπὶ
1053 945 1305 1015 βοτρύων
1342 945 1704 1013 θλιβομένων,
1740 947 1834 1001 καὶ

336 1023 517 1092 ἕτερον
578 1018 890 1079 πτιστικόν,
946 1021 1013 1076 ὡς
1063 1018 1336 1089 Φρύνιχος
1389 1018 1442 1072 ἐν
1496 1021 1835 1086 Κωμασταῖς

338 1095 508 1165 φησὶν
549 1092 573 1146 ὁ
614 1092 867 1161 κωμικός·

535 1200 639 1270 ἐγὼ
670 1200 725 1253 δὲ
753 1205 855 1270 νῷν
885 1198 946 1266 δὴ
977 1202 1194 1269 τερετιῶ
1222 1223 1274 1252 τι
1302 1198 1611 1262 πτιστικόν,

336 1311 427 1364 καὶ
459 1312 722 1379 Νικοφῶν
749 1310 804 1362 ἐν
831 1312 942 1365 τοῖς
969 1307 1450 1378 Χειρογάστορσιν

423 1412 552 1467 ἀλλ’
582 1414 657 1467 ἴθι
685 1411 1090 1483 προσαύλησον
1120 1411 1189 1464 σὺ
1219 1416 1320 1482 νῷν
1350 1410 1591 1478 πτισμόν
1619 1428 1759 1465 τινα.

333 1522 425 1576 καὶ
477 1519 693 1592 ἐρετικα
744 1520 811 1587 δή
861 1520 961 1572 τιν’
1012 1519 1310 1587 αὐλήματα
1370 1519 1463 1572 καὶ
1521 1519 1830 1587 ποιμενικά.

334 1595 681 1665 Ἐπίχαρμος
710 1593 765 1646 δὲ
792 1593 886 1646 καὶ
915 1591 1328 1660 ποιμενικόνῙτι
1348 1591 1515 1660 μέλος
1536 1592 1835 1645 αὐλεῖσθαί

335 1673 491 1736 φησι,
523 1667 767 1719 Πλάτων
808 1665 915 1718 δὲ
892 1689 917 1717 ο
946 1688 1181 1733 κωμικος
1219 1665 1315 1718 καὶ
1355 1664 1673 1731 συβωτικόν
1716 1706 1726 1718 .
1767 1706 1779 1718 .
1820 1705 1831 1718 .

332 1740 598 1810 Γυρρηνοὶ
627 1739 682 1792 δὲ
709 1744 783 1808 τῷ
811 1737 1236 1806 Ἀριστοτελους
1263 1737 1413 1807 λὸνγῳ
1440 1739 1503 1790 οὐ
1531 1739 1828 1791 πυκτεύου-

333 1838 422 1866 σιν
466 1813 557 1866 ὑπ’
599 1813 752 1881 αὐλῷ
804 1810 968 1880 μόνον
1010 1810 1162 1862 ἀλλὰ
1208 1810 1304 1863 καὶ
1354 1813 1696 1879 μαστιγοῦσι
1739 1810 1832 1864 καὶ

334 1886 719 1957 ὀψοποιοῦσιν.

399 2001 592 2048 Gallim.
621 2001 741 2047 Hec.
769 2003 797 2046 i.
828 2000 857 2046 4
885 2016 913 2044 a
942 2000 998 2046 11

693 2087 794 2152 ηδη
822 2085 929 2155 Γγὰρ
960 2085 1156 2138 ἑωθινα
1183 2085 1368 2158 λύχνα
1399 2085 1622 2154 φαείνει,

477 2160 640 2214 ἀείδει
670 2159 762 2213 καί
788 2159 898 2213 πού
927 2182 1006 2216 τις
1033 2157 1169 2229 ἀνὴρ
1199 2157 1517 2226 ὑδατηὙὸς“
1499 2163 1695 2227 ιμαῖον.

400 2282 626 2345 Hesych.
699 2278 1018 2340 βαυκαλᾶν·
1107 2274 1531 2344 κατακοιμίζειν·
1572 2277 1827 2342 τιθηνεῖν·

329 2349 523 2402 παιδία
549 2349 665 2417 μετ’
695 2349 833 2420 ῴδῆς
861 2347 1139 2416 κοιμίζειν.

400 2467 556 2529 Long.
588 2467 715 2513 Pa.s·t.
746 2468 786 2514 4.
818 2468 879 2515 38
952 2461 1016 2528 ἣν
1040 2462 1147 2522 οὖν,
1173 2462 1240 2518 ὡς
1263 2462 1318 2513 ἐν
1346 2462 1585 2515 τοιοῖσδε
1613 2462 1824 2532 συμπό-

801 2618 818 2644 ²
846 2618 982 2658 Kfihn
1001 2635 1009 2659 :
1042 2631 1128 2658 mss
1148 2616 1358 2666 ποιητικόν

330 2710 421 2758 502
