1900 3072
808 244 992 290 LYRA
1041 243 1320 290 GRAECA

472 386 524 426 65
560 374 824 445 βληχρᾶς
843 373 1123 426 ἀνέπαλτο
1142 376 1500 439 κασιγνητοῖς
1518 370 1612 426 ἀπ’
1633 373 1812 443 ἀρχᾶς

565 446 786 516 Προίτῳ
815 469 872 500 τε
899 446 992 498 καὶ
1019 445 1302 515 Ἀκρισίῳ·

562 520 731 575 λαούς
760 541 817 572 τε
846 517 1238 590 διχοστασίαις

563 592 812 661 ἤρεικον1
832 591 1208 662 ἀμετροδίκοις
1233 592 1444 662 μάχαις
1471 613 1531 644 τε
1556 595 1807 661 λυγραῖς.

563 664 832 717 λίσσοντο
863 665 918 717 δὲ
945 664 1150 721 παῖδας
1170 663 1452 730 ’Ἄβαντος

473 750 524 788 70
563 742 665 805 γᾶν
693 738 1034 808 πολύκριθον
1060 738 1345 808 λάχοντας

399 810 486 863 ἐπ.
507 808 564 875 β’
629 810 874 880 Τίρυνθα
903 809 994 863 τὸν
1022 808 1323 879 ὁπλότερον

562 882 762 948 κτίζειν
789 884 918 953 πρὶν
945 884 994 940 ἐς
1023 882 1304 951 ἀργαλέαν
1333 886 1524 936 πεσεῖν
1542 883 1806 951 ἀνάγκαν.

562 956 692 1013 Ζεύς
721 955 767 1008 τ’
795 957 978 1009 ἔθελεν
1009 955 1280 1024 Κρονίδας

563 1033 731 1096 τιμῶν
759 1032 985 1082 Δαναοῦ
1010 1027 1199 1096 γενεὰν

468 1115 519 1152 75
559 1102 650 1154 καὶ
680 1100 1009 1169 διωξίπποιο
1031 1101 1280 1191 Λυγκέος

562 1179 780 1227 παῦσαι
808 1177 1088 1264 στυγερῶν
1117 1174 1316 1245 ἀχέων·

562 1251 744 1334 τεῖχος
772 1246 828 1300 δὲ
857 1247 1162 1303 Κύκλωπες
1189 1247 1363 1312 κάμον

558 1319 808 1378 ἐλθόντες
838 1319 1173 1390 ὑπερφίαλοι
1201 1324 1390 1393 κλεινᾷ
1417 1318 1581 1373 πόλει

561 1394 889 1453 κάλλιστον,
921 1393 982 1446 ιΗν
1010 1392 1250 1446 ἀντίθεοι

468 1479 521 1517 80
563 1470 714 1519 ναῖον
741 1464 945 1519 κλυτὸν
973 1465 1290 1529 ἱππόβοτον

550 1536 752 1607 ’Άργος
779 1540 947 1607 ἥρωες
975 1537 1310 1609 περικλειτοὶ
1337 1537 1612 1597 λιπόντες.

560 1611 710 1664 ἔνθεν
736 1611 1119 1680 ἀπεσσύμεναι

561 1684 801 1751 Προίτου
829 1684 1289 1753 κυανοπλόκαμοι

559 1761 764 1827 φεῦγον
792 1757 1024 1822 ἄδματοι
1053 1758 1336 1826 θύγατρες·

1387 1246 1408 1279 2

358 1873 482 1921 στρ.
502 1850 552 1919 γ’
631 1852 722 1904 τὸν
751 1851 797 1904 δ’
823 1851 967 1905 εἶλεν
995 1851 1130 1923 ἄχος
1159 1850 1403 1920 κραδίαν,
1435 1851 1536 1919 ξεί-

468 1936 520 1975 86
563 1947 627 1977 να
655 1924 714 1977 τέ
741 1947 818 1978 νιν
845 1927 1059 1993 πλᾶξεν
1085 1924 1333 1994 μέριμνα·

560 1996 740 2064 δοίαξε
767 1996 823 2050 δὲ
851 1998 1139 2067 φάσγανον
1167 1997 1265 2064 ἄμ-

558 2075 728 2139 φακες
755 2071 810 2122 ἐν
836 2070 1114 2138 στέρνοισι
1142 2070 1335 2137 πᾶξαι,

559 2143 712 2194 ἀλλά
741 2165 819 2195 νιν
847 2142 1183 2231 αἰχμοφόροι

465 2227 519 2266 90
557 2214 786 2282 μύθοισί
812 2238 869 2269 τε
895 2216 1191 2286 μειλιχίοις

558 2288 654 2340 καὶ
678 2287 782 2361 ,Βία
808 2292 1008 2358 χειρῶν
1034 2289 1281 2378 κάτεχον.

557 2344 917 2430 τρισκαίδεκα
944 2361 1041 2427 μὲν
1069 2361 1286 2417 τελέους

557 2439 727 2502 μῆνας
754 2433 898 2485 κατὰ
927 2433 1157 2486 δάσκιον
1184 2432 1492 2499 ἠλύκταζον
1520 2433 1674 2496 ὕλαν,

559 2505 761 2575 φεῦγόν
787 2528 845 2559 τε
872 2504 991 2559 κατ’
1018 2504 1315 2575 Ἀρκαδίαν

465 2591 518 2630 95
559 2577 932 2648 μηλοτρόφον·
973 2577 1104 2630 ἀλλ’
1131 2579 1220 2631 ὅτε
1248 2577 1312 2644 δὴ

559 2654 775 2704 Λοῦσον
803 2650 955 2719 παρὰ
983 2648 1293 2720 καλλιρόαν
1317 2649 1503 2720 πατὴρ
1534 2648 1726 2712 ἵκανεν,

308 2727 400 2772 180
