1900 3072
786 231 970 276 LYRA
1021 230 1299 277 GRAECA

359 360 673 428 λαμβάνειν
709 363 999 420 τάλαντον,
1043 359 1105 426 ἤν
1153 382 1211 413 τε
1255 363 1361 413 τῶν
1397 360 1673 430 τυράννων
1708 357 1788 417 τίς

507 456 629 485 τινα

360 509 467 559 τῶν
489 504 825 571 τεθνηκότων
848 503 1143 575 ἀποκτείνῃ
1172 506 1444 558 τάλαντον
1465 505 1790 572 λαμβάνειν.

361 578 700 646 βουλόμεσθ’
759 579 851 632 οὖν
904 581 997 632 νῦν
1060 578 1317 631 ἀπειπεῖν
1368 581 1546 631 ταῦτα
1597 578 1793 649 χήμεῖς

508 651 714 704 ἐνθάδε·

363 724 429 790 ἢν
456 723 751 793 ἀποκτείνῃ
771 746 851 781 τις
871 724 1014 791 ὑμῶν
1035 723 1357 791 Φιλοκράτη
1376 722 1468 777 τὸν
1489 722 1788 792 Στρούθιον

363 796 616 867 λήψεται
680 797 977 849 τάλαντον·
1051 796 1115 863 ἢν
1180 794 1235 849 δὲ
1290 796 1388 861 ζών
1453 819 1532 853 τις
1589 795 1792 864 ἀγάγῃ,

511 869 764 940 τέτταρα,
802 877 925 922 κτλ.

367 979 531 1026 Schol.
593 979 652 1025 acl
714 979 792 1026 loc.
867 974 1148 1046 Διαγόραν
1200 975 1294 1028 τὸν
1349 975 1582 1039 Μήλιον·
1640 974 1794 1032 οὗτος

291 1046 429 1116 μετὰ
458 1046 554 1112 τὴν
581 1046 794 1099 ἅλωσιν
833 1048 1029 1113 Μήλου
1070 1046 1195 1119 ᾤκει
1237 1049 1290 1100 ἐν
1317 1047 1593 1115 Ἀθήναις,
1623 1047 1692 1100 τὰ
1732 1046 1788 1099 δὲ

300 1119 579 1189 μυστήρια
630 1119 910 1185 ηὐτέλιζεν
965 1122 1033 1178 ὡς
1084 1120 1331 1178 πολλοὺς
1376 1119 1657 1190 ἐκτρέπειν
1703 1124 1797 1186 τῆς

295 1198 537 1260 τελετῆς.
589 1195 749 1244 τοῦτο
779 1193 869 1246 οὖν
888 1194 1154 1263 ἐκήρυξαν
1181 1191 1301 1246 κατ’
1323 1193 1493 1246 αὐτοῦ
1511 1191 1798 1258 Ἀθηναῖοι

297 1266 388 1319 καὶ
416 1266 470 1318 ἐν
495 1269 685 1335 χαλκῇ
715 1266 898 1335 στήλῃ
919 1265 1193 1337 ἔγραψαν,
1224 1265 1292 1323 ὥς
1311 1272 1451 1335 φησι
1479 1265 1797 1321 Μέλανθιος

297 1341 352 1392 ἐν
382 1342 456 1407 τῷ
485 1337 620 1405 Περὶ
649 1338 1006 1408 Μυστηρίων.

299 1445 385 1490 Ar.
414 1441 533 1489 Nub.
563 1443 657 1490 828

368 1527 472 1582 ΣΤ.
516 1534 675 1588 Δῖνος
703 1530 997 1596 βασιλεύει
1024 1531 1117 1585 τὸν
1145 1530 1226 1584 Δί’
1257 1530 1622 1599 ἐξεληλακώς.

373 1605 486 1656 ΦΕ.
523 1604 703 1694 αἰβοῖ,
747 1603 800 1656 τί
839 1609 1027 1674 ληρεῖς
1053 1626 1070 1666 ,·
1126 1601 1232 1660 ΣΤ.
1278 1606 1395 1658 ἴσθι
1437 1604 1585 1658 τοῦθ’
1628 1603 1798 1660 οὕτως

372 1750 486 1801 ΦΕ.
517 1698 777 1820 ἳῖξνφησὶ
804 1752 1011 1810 ταῦτα,·
1052 1749 1156 1807 ΣΤ.
1186 1749 1480 1819 Σωκράτης
1508 1747 1534 1801 ὁ
1562 1747 1799 1816 Μήλιος.

373 1861 538 1912 Schol.
589 1863 651 1908 ad
699 1862 778 1909 loc.
854 1855 918 1909 α’.
982 1855 1007 1909 ὁ
1054 1857 1296 1923 λΙήλιος·
1350 1857 1484 1928 παρ’
1533 1855 1798 1945 ἱστορίαν·

302 1929 597 1994 Ἀθηναῖος
628 1928 735 1999 γὰρ
775 1928 800 1983 ὁ
840 1928 1156 1998 Σωκράτης·
1199 1929 1331 1982 ἀλλ’
1360 1930 1477 1983 ἐπεὶ
1505 1927 1799 2016 Διαγόρας,

307 2002 530 2069 Μηλιος
583 2002 672 2064 ὤν,
728 2002 1063 2066 διεβάλλετο
1118 2004 1185 2060 ὡς
1237 2003 1511 2073 θεομάχος
1562 2002 1656 2054 καὶ
1710 2000 1802 2054 τὸν

303 2072 603 2144 Σωκράτην
656 2074 708 2127 δὲ
770 2077 838 2131 ὡς
898 2073 1059 2128 ἄθεον
1117 2074 1434 2139 διαβάλλει,
1495 2073 1582 2127 διὰ
1637 2076 1799 2126 τοῦτο

306 2147 531 2213 ἈΙηλιον
560 2146 724 2200 αὐτὸν
759 2147 923 2201 εἶπεν.
1003 2147 1077 2213 β’.
1117 2145 1447 2217 Διαγόρας
1424 2171 1449 2200 ο
1479 2145 1768 2213 Μήλιος,
1747 2167 1802 2202 ος

306 2219 366 2272 τὸ
400 2219 497 2308 μὲν
532 2219 795 2290 πρότερον
824 2221 887 2287 ἦν
923 2220 1206 2287 θεοσεβής,
1240 2219 1713 2286 παρακαταθήκην
1748 2217 1803 2270 δὲ

308 2291 413 2344 ὑπό
441 2314 583 2349 τινος
611 2292 1060 2361 ἀποστερηθεὶς’
1037 2292 1128 2345 επὶ
1155 2292 1216 2344 τὸ
1244 2291 1402 2349 ἄθεος
1429 2291 1565 2346 εἶναι
1591 2290 1802 2360 ἐξέδρα-

305 2387 418 2431 μεν,
440 2364 524 2435 ἐφ’
549 2363 663 2435 ᾦοὶ
681 2365 1007 2430 Ἀθηναῖοι’
981 2364 1465 2432 αγανακτήσαντες
1482 2363 1582 2431 τὴν
1601 2365 1805 2430 Μηλον

307 2436 612 2489 ἐκάκωσαν.
688 2436 755 2504 γ.
798 2436 1072 2507 Διαγόρας
1113 2435 1303 2504 γέγονέ
1343 2458 1422 2493 τις
1462 2434 1805 2505 βλάσφημος

309 2508 381 2566 εἰς
433 2508 494 2561 τὸ
546 2510 707 2569 θεῖον,
756 2509 993 2575 λΙήλιος.
1039 2551 1049 2563 .
1093 2551 1103 2562 .
1150 2551 1159 2562 .
1201 2509 1367 2562 ἄλλοι
1413 2507 1469 2561 δέ
1511 2512 1686 2578 φασιν
1737 2508 1805 2564 ὡς

309 2580 463 2638 οὗτος
493 2580 518 2635 ὁ
547 2580 823 2651 Διαγόρας
851 2580 1241 2639 διδάσκαλος
1211 2604 1275 2649 ην
1302 2579 1644 2652 Σωκράτους.

310 2677 370 2738 58
