1900 3072
775 224 961 270 LYRA
1012 224 1291 271 GRAECA

279 355 304 408 6
342 354 543 424 τρόπος
579 358 677 407 τοῦ
711 353 1116 422 ἀγωνίσματος,
1162 353 1312 406 δοκεῖ
1344 353 1401 407 δὲ
1434 352 1783 423 Τέρπανδρος

277 428 374 495 μὲν
425 431 641 497 πρῶτος
694 430 987 480 τελειῶσαι
1037 425 1129 479 τὸν
1181 426 1343 487 νόμον
1396 426 1551 497 ἡρώῳ
1602 425 1780 496 μέτρῳ

278 502 645 571 χρησάμενος,
701 500 893 553 ἔπειτα
943 498 1221 568 Α’ρίωνὸ
1269 500 1635 567 Μηθυμναῖος
1680 501 1781 552 οὐκ

280 572 445 642 ὀλιγὰ
475 576 840 642 συναυξῆσαι,
870 571 1033 628 αὐτὸς
1060 583 1154 625 και
1183 571 1412 639 ποιητὴς
1434 571 1527 624 καὶ
1548 572 1779 642 κιθαρῳ-

280 646 366 703 δὸς
400 645 701 713 γενόμενος.
779 648 978 713 Φρῦνις
1015 644 1122 697 δὲ
1099 669 1124 697 ο
1155 648 1537 711 Μυτιληναῖος
1573 647 1781 698 ἐκαινο-

279 717 516 788 τόμησεν
544 718 729 772 αὐτόν·
770 717 832 771 τό
861 740 919 771 τε
946 718 1052 787 γὰρ
1081 718 1376 788 ἑξάμετρον
1403 723 1476 771 τῶ
1498 716 1782 788 λελυμένῳ

280 797 502 861 συνῆψε
530 792 621 845 καὶ
650 791 877 862 χορδαῖς
907 794 1013 843 τῶν
1036 789 1177 843 ἑπτα
1200 789 1456 844 πλείοσιν
1479 790 1779 861 ἐχρήσατο.

279 864 539 932 Τιμόθεος
592 864 647 917 δὲ
699 866 930 934 ὕστερον
979 863 1051 920 εἰς
1103 863 1200 929 τὴν
1252 867 1345 916 νῦν
1397 862 1564 916 αὐτὸν
1607 865 1782 931 ἤγαγε

279 938 455 1004 τάξιν.
534 938 687 990 ἔστιν
728 937 820 990 οὖν
863 935 888 989 ὁ
928 936 1025 1001 μὲν
1066 935 1403 1006 διθύραμβος
1439 935 1783 1004 κεκινημένος

281 1011 373 1064 καὶ
401 1009 552 1064 πολὺ
589 1009 648 1063 τὸ
687 1008 1040 1067 ἐνθουσιῶδες
1075 1008 1214 1076 μετὰ
1249 1010 1469 1080 χορείας
1505 1008 1782 1080 ἐμφαίνων

282 1083 354 1141 εἰς
407 1083 558 1149 πάθη
612 1080 1156 1148 κατασκευαζόμενος
1198 1081 1265 1135 τὰ
1306 1082 1560 1147 μάλιστα
1607 1082 1780 1135 οἰκεῖα

282 1161 356 1226 τῷ
406 1156 522 1226 θεῷ,
571 1157 665 1209 καὶ
718 1154 1030 1221 σεσὸβηται
1081 1155 1177 1220 μὲν
1229 1156 1322 1209 καὶ
1373 1159 1485 1213 τοῖς
1535 1154 1780 1225 ῥυθμοῖς,

280 1228 695 1298 ἁπλουστέραις
748 1227 802 1281 δὲ
849 1227 1116 1298 κέχρηται
1163 1231 1283 1285 ταῖς
1333 1227 1569 1296 λέξεσιν.
1646 1225 1673 1280 ὁ
1727 1227 1784 1280 δὲ

282 1301 439 1370 νόμος
463 1300 781 1355 τούναντίον
806 1299 895 1353 δια
919 1304 1025 1353 τῶν
1053 1301 1199 1366 ἠθῶν
1216 1301 1237 1333 1
1263 1300 1520 1372 ἀνέχεται
1538 1300 1560 1333 2
1586 1322 1780 1368 τεταγ-

280 1376 449 1442 μένως
478 1375 573 1428 καὶ
598 1376 1036 1443 μεγαλοπρεπῶς
1063 1373 1156 1426 καὶ
1183 1377 1294 1430 τοῖς
1321 1373 1602 1444 ῥυθμοῖς’
1574 1377 1785 1427 ανεῖται

282 1448 374 1501 καὶ
396 1446 722 1504 διπλασίαις
746 1451 864 1503 ταῖς
881 1446 1070 1514 λέξεσι
1089 1446 1371 1537 κέχρηται.
1420 1447 1481 1499 οὐ
1501 1445 1608 1514 μὴν
1629 1445 1782 1499 ἀλλὰ

284 1521 377 1574 καὶ
406 1525 525 1578 ταῖς
548 1522 718 1587 ἁρμοῖ
724 1519 829 1576 ιάις
857 1519 1078 1576 οἰκειαις
1107 1520 1359 1589 ἑκάτερος
1384 1541 1605 1608 χρηται,
1634 1517 1659 1571 ὁ
1687 1519 1784 1587 μὲν

282 1594 389 1664 γὰρ
417 1593 553 1659 τὴν3
591 1593 831 1663 Φρύγιον
871 1594 965 1646 καὶ
1001 1591 1377 1661 Τποφρύγιον
1416 1589 1783 1660 ἁρμόζεται,ὁ

283 1667 441 1735 νόμος
471 1666 525 1718 δὲ
553 1670 628 1735 τῷ
656 1688 975 1732 συστηματι
1004 1670 1077 1735 τῷ
1108 1668 1215 1718 τῶν
1236 1664 1552 1734 κιθαρῳδῶν
1578 1664 1780 1734 Λυδίῳ.

283 1740 424 1793 ἔοικε
467 1739 521 1792 δὲ
568 1738 593 1791 ὁ
645 1738 743 1805 μὲν
789 1737 1128 1808 διθύραμβος
1174 1737 1285 1790 ἀπὸ
1325 1760 1420 1804 της
1464 1736 1611 1789 κατὰ
1656 1738 1782 1794 τοὺς

283 1812 482 1882 ἀγροὺς
511 1811 736 1867 παιδιᾶς
764 1812 855 1864 καὶ
886 1833 979 1877 της
1006 1812 1060 1862 ἐν
1091 1815 1201 1868 τοῖς
1229 1810 1418 1867 πότοις
1445 1809 1784 1880 εὐφροσύνης

285 1885 581 1953 εὑρεθηναι,
617 1883 642 1936 ὁ
683 1883 737 1972 δὲ
774 1883 932 1950 νόμος
966 1883 1113 1936 δοκεῖ
1144 1883 1240 1949 μὲν
1276 1881 1388 1935 ἀπὸ
1420 1886 1516 1935 τοῦ
1552 1886 1783 1939 παιᾶνος

284 1959 496 2026 ῥυηναι·
577 1956 601 2009 6
648 1957 745 2024 μὲν
789 1956 896 2026 γάρ
938 1957 1057 2008 ἐστι
1104 1955 1425 2025 κοινότερος,
1473 1955 1548 2012 εἰς
1598 1959 1783 2008 κακῶν

284 2030 627 2098 παραίτησιν
647 2029 1034 2098 γεγραμμένος,
1054 2052 1078 2079 ο
1067 2028 1153 2080 δὲ
1173 2027 1318 2085 ἰδίως
1337 2028 1409 2085 εἰς
1426 2025 1781 2081 Ἀπόλλωνα.

285 2103 406 2156 ὅθεν
434 2101 494 2154 τὸ
514 2102 611 2170 μὲν
640 2102 990 2158 ἐνθουσιῶδες
1019 2102 1116 2153 οὐκ
1143 2101 1257 2171 ἔχει
1285 2102 1355 2157 ὡς
1373 2098 1398 2153 ὁ
1423 2099 1782 2171 διθύραμβος·

286 2177 397 2228 ἐκεῖ
447 2175 546 2242 μὲν
604 2173 710 2243 γὰρ
766 2174 926 2241 μέθαι
983 2174 1075 2226 καὶ
1135 2171 1370 2233 παιδιαί,
1426 2173 1664 2226 ἐνταῦθα
1728 2172 1785 2226 δὲ

285 2249 508 2301 ἱκετεῖαι
543 2249 639 2300 καὶ
671 2246 861 2312 πολλὴ
898 2247 1069 2314 τάξις·
1148 2246 1242 2298 καὶ
1276 2245 1383 2315 γὰρ
1419 2245 1581 2302 αὐτὸς
1611 2244 1636 2299 ὁ
1665 2245 1786 2303 θεὸς

287 2323 342 2374 ἐν
370 2321 521 2388 τάξει
559 2319 652 2372 καὶ
687 2319 1007 2386 συστηματι
1044 2317 1536 2386 κατεσταλμένον4
1576 2317 1783 2389 περιέρ-

287 2416 448 2466 χεται
476 2392 567 2445 τὸν
596 2391 890 2461 κρουσμόν.

346 2539 360 2562 1
391 2538 511 2578 wil:
560 2551 648 2577 mss
697 2541 796 2577 θεῶν
990 2537 1006 2560 2
1036 2538 1102 2576 E:
1148 2548 1235 2575 mss
1285 2535 1437 2575 ἀνεῖται
1484 2535 1597 2575 from
1645 2535 1786 2576 below

287 2594 302 2615 ³
333 2593 468 2645 Sylbz
511 2606 599 2631 mss
638 2591 710 2632 τόν
929 2590 944 2614 ‘¹
974 2592 1040 2631 E:
1084 2603 1170 2630 mss
1212 2590 1356 2644 -μένῃε
1405 2589 1555 2630 Herm.
1601 2590 1786 2643 σχήματι

289 2648 602 2698 κατεσταλμένῳ

290 2741 382 2786 ²92
