1900 3072
751 176 937 224 LYRA
987 178 1266 226 GRAECA

315 305 465 345 Parth.
493 306 546 345 20
575 307 634 355 [π.
660 306 855 357 Ἀεροῦς]·
896 304 1066 357 λέγεται
1095 307 1135 347 δὲ
1165 309 1227 348 καὶ
1256 308 1492 350 Οἰνοπίωνος
1517 309 1580 349 καὶ
1601 308 1757 361 νύμφης

259 361 429 406 Ἐλίκης
468 362 589 411 Ἀερὼ
625 360 746 411 κόρην
780 359 983 411 γενέσθαι·
1015 361 1167 410 ταύτης
1207 362 1250 402 δὲ
1283 363 1450 413 Ὠρίωνα
1487 365 1562 404 τὸν
1596 363 1757 416 ’Ὑριέως

256 412 478 465 ἐρασθέντα
497 415 589 465 παρ’
613 418 736 455 αὐτοῦ
757 420 1036 468 παραιτεῖσθαι
1056 419 1133 465 τὴν
1163 417 1298 469 κόρην,
1323 418 1386 458 καὶ
1417 419 1479 458 διὰ
1508 417 1661 467 ταύτην
1680 418 1758 464 τήν

254 486 299 510 τε
322 473 448 516 νῆσον
467 472 712 521 ἐξημερῶσαι
732 470 827 510 τότε
851 472 992 522 θηρίων
1013 472 1227 512 ἀνάπλεων
1246 471 1384 522 οὖσαν,
1409 474 1525 514 λείαν
1536 489 1583 512 τε
1594 474 1759 521 πολλὴν

254 525 567 575 περιελαύνοντα
587 528 669 563 τῶν
689 528 940 577 προσχώρων
963 526 1056 566 ἕδνα
1077 526 1239 566 διδόναι·
1262 529 1335 567 τοῦ
1355 526 1493 577 μέντοι
1516 527 1757 569 Οἰνοπίωνος

257 578 456 620 ἑκάστοτε
479 580 788 629 ὑπερτιθεμένου
801 583 874 620 τὸν
893 581 1026 632 γάμον
1039 583 1100 621 διὰ
1121 584 1168 622 τὸ
1189 583 1439 633 ἇποστυγεῖν
1452 586 1558 633 αὐτῷ
1573 584 1759 633 γαμβρὸν

255 637 440 675 τοιοῦτον
477 632 680 685 γενέσθαι,
726 636 800 674 ὑπὸ
846 637 971 685 μέθης
1009 636 1184 687 ἔκφρονα
1220 636 1439 687 γενόμενον
1476 639 1548 678 τὸν
1589 638 1760 689 Ὠρίωνα

255 693 422 740 κατᾶξαι
443 691 516 729 τὸν
538 687 715 736 θάλαμον
736 691 829 729 ἔνθα
851 691 875 737 ἡ
897 694 990 731 παῖς
1012 693 1211 741 ἐκοιμᾶτο,
1233 694 1295 732 καὶ
1314 690 1555 744 βιαζόμενον
1571 694 1760 740 ἐκκαῆναι

254 747 348 786 τοὺς
371 745 605 797 ὀφθαλμοὺς
629 745 703 784 ὑπὸ
724 748 796 785 τοῦ
819 746 1072 787 Οἰνοπίωνος.

973 1023 1035 1070 26

314 1110 459 1162 Apoll.
487 1111 614 1150 Pron.
639 1111 715 1151 105
735 1110 759 1149 b
780 1111 838 1160 [π.
857 1113 931 1159 τῆς
956 1112 1054 1162 τίν]·
1095 1110 1250 1151 τίθεται
1280 1111 1384 1162 παρὰ
1416 1111 1582 1164 Κορίννῃ
1613 1111 1678 1152 καὶ
1699 1113 1762 1152 ἐπὶ

261 1167 487 1212 αἷτιατικῆς
505 1167 547 1205 ἐν
570 1164 792 1214 Κατάπλῳ·

508 1295 536 1379 ,δ
627 1325 640 1343 Ι
720 1254 858 1359 Ὶ1οὐ
902 1253 1006 1323 ιγὰρ
1053 1255 1137 1307 τὶν
1182 1252 1208 1307 ὁ
1253 1254 1516 1325 φθονερὸς

541 1348 717 1394 αμιωτ
790 1367 800 1377 .
1249 1368 1259 1379 .
1428 1370 1437 1380 .

262 1435 352 1476 ἀντὶ
372 1438 445 1475 τοῦ
467 1435 515 1475 σὲ
538 1436 601 1475 καὶ
625 1434 755 1487 σαφὲς
777 1437 827 1476 ὡς
852 1436 941 1475 κατ’
966 1436 1203 1486 ἐναλλαγὴν
1221 1435 1427 1476 πτώσεως.

987 1572 1047 1620 27

321 1660 436 1700 Ibid.
461 1659 553 1700 98b
585 1661 687 1702 ἐοῦς’
738 1663 840 1707 αὕτη
865 1659 1085 1700 ἀκόλουθος
1113 1663 1270 1713 Δωρικῇ
1297 1662 1346 1712 τῇ
1374 1663 1505 1710 τεοῦς,
1533 1659 1557 1713 ᾗ
1585 1664 1770 1711 συνεχῶς

270 1718 333 1755 καὶ
358 1715 525 1767 Κόριννα
547 1715 769 1768 ἐχρήσατο·
804 1717 846 1754 ἐν
868 1714 1087 1765 Κατάπλῳ·

702 1802 883 1858 νίκασ’
906 1802 932 1857 ὁ
959 1802 1386 1873 μεγαλοσθένεις

701 1875 961 1947 Ὠαρίων,
989 1876 1179 1948 χώραν
1205 1875 1249 1928 τ’
1280 1875 1375 1929 ἀπ’
1403 1876 1519 1934 ἐοῦς’

701 1954 894 2004 πᾶσαν
924 1948 1272 2015 ὠνόῡμηνεν.2

851 2118 911 2165 28
951 2116 1198 2180 Κορωναιή

325 2208 434 2248 Ant.
449 2206 543 2248 Lib.
565 2209 617 2247 25
646 2207 839 2258 Μητιόχη
854 2209 916 2247 καὶ
935 2208 1136 2253 Μενίππη·
1161 2207 1318 2257 ἱστορεῖ
1332 2205 1549 2258 Νίκανδρος
1559 2207 1772 2255 Ἑτεροιου-

269 2263 398 2310 μένων
419 2262 454 2301 δ’
475 2264 538 2302 καὶ
562 2262 731 2314 Κόριννα
759 2261 924 2313 Γεροίων
945 2261 996 2302 α’.
1060 2260 1247 2312 Ὠρίωνος
1273 2262 1347 2300 τοῦ
1367 2258 1526 2312 ’Ὑριέως
1545 2261 1588 2299 ἐν
1608 2258 1776 2311 Βοιωτίᾳ

273 2317 490 2369 θυγατέρες
535 2318 726 2368 ἐγένοντο
767 2315 959 2367 Μητιόχη
999 2317 1063 2356 καὶ
1106 2316 1307 2363 Μενίππη·
1349 2315 1468 2356 αῧται
1501 2316 1570 2356 ὅτε
1607 2314 1776 2366 Ὠρίωνα

271 2372 472 2423 ἠφάνισεν
505 2374 546 2423 ἐξ
580 2373 793 2423 ἀνθρώπων
817 2372 1020 2423 Ἀρτεμις,
1062 2371 1282 2424 ἐτρέφοντο
1311 2371 1416 2422 παρὰ
1444 2373 1494 2423 τῇ
1525 2369 1659 2420 μητρί.
1712 2367 1776 2408 καὶ

328 2492 344 2517 ¹
376 2495 418 2534 E
434 2513 477 2528 =
496 2494 630 2545 ζημιοῖ
653 2495 748 2545 (the
780 2494 968 2534 citation
1002 2493 1180 2535 showed
1213 2492 1278 2534 τίν
1305 2497 1353 2534 to
1383 2493 1438 2534 be
1468 2492 1658 2543 accus.):
1689 2504 1776 2532 mss

277 2551 429 2599 δαιμωτ
588 2547 606 2573 ²
634 2552 683 2591 ὂς
715 2548 871 2588 Herm.
893 2549 940 2588 δν

283 2634 340 2664 22
