1900 3072
777 233 964 280 LYRA
1015 233 1297 280 GRAECA

285 363 418 416 διόπερ
438 362 543 410 ἦσαν
557 365 647 402 ἴδιοι
665 363 751 402 καθ’
772 362 954 411 ἑκάστην
970 362 1159 415 ἁρμονίαν
1175 363 1291 403 αὐλοὶ
1311 363 1375 402 καὶ
1395 361 1585 404 ἑκάστοις
1601 365 1789 411 αὐλητῶν

286 423 468 471 ὑπῆρχον
489 420 604 458 αὐλοὶ
627 418 784 471 ἑκάστῃ
808 419 972 471 ἁρμονίᾳ
994 417 1216 470 πρόσφοροι
1240 420 1281 457 ἐν
1301 422 1384 458 τοῖς
1401 418 1545 469 ἀγῶσι.
1587 418 1789 469 Πρόνομος

285 478 316 514 δ’
339 478 358 514 ὁ
381 478 558 522 Θηβαῖος
578 478 734 525 πρῶτος
756 477 941 522 ηὔλησεν
960 475 1037 513 ἀπὸ
1058 478 1140 514 τῶν
1161 475 1292 514 αὐτῶν
1315 471 1480 527 <αὐλῶν
1502 473 1692 529 πιπίσας>1
1713 476 1789 515 τὰς

285 530 483 582 ἁρμονίας·
518 532 586 569 νῦν
608 527 650 568 δὲ
672 530 759 576 εἰκῆ
783 531 846 568 καὶ
869 528 1030 580 ἀλόγως
1051 529 1247 569 ἅπτονται
1268 531 1343 576 τῆς
1361 532 1572 578 μουσικῆς.

337 627 469 667 Anth.
495 627 618 665 Plan..
645 626 697 665 ‘28
748 624 940 673 ”Αδηλον·

466 714 615 753 Ἑλλὰς
637 712 711 762 μὲν
733 711 873 757 Θήβας
894 708 1089 763 προτέρας
1112 713 1348 762 προῦκρινεν
1370 713 1413 751 ἐν
1432 712 1587 752 αὐλοῖς·

523 771 653 815 Θῆβαι
677 765 719 806 δὲ
740 767 958 819 Πρόνομον,
982 770 1106 807 παῖδα
1126 767 1198 806 τὸν
1220 765 1417 806 Οἷνιάδου.

339 864 466 905 Paus.
493 866 530 904 9.
560 865 623 905 12.
646 866 671 903 4
693 864 749 912 [π.
777 865 882 916 ἱερὸν
902 864 950 902 τὸ
972 861 1233 903 ’Λπόλλωνος
1261 863 1309 902 τὸ
1337 863 1378 902 ἐν
1409 862 1594 913 Θήβαις]
1631 861 1788 915 ἀνδριάς

283 920 331 960 τέ
348 922 438 959 ἐστι
455 920 660 972 Προνόμου
683 920 821 970 ἀνδρὸς
844 919 1102 964 αὐλήσαντος
1122 917 1421 969 ἐπαγωγότατα
1437 921 1477 959 ἐς
1492 919 1586 958 τοὺς
1607 917 1788 959 πολλούς

371 1007 378 1014 .
411 976 611 1028 Πρόνομος
635 974 676 1013 δὲ
700 974 749 1022 ἧν
769 977 812 1016 ὃς
833 978 988 1027 πρῶτος
1007 974 1227 1021 ἐπενόησεν
1244 975 1393 1014 αὐλοὺς
1414 976 1453 1015 ἐς
1474 973 1579 1014 ἅπαν
1599 973 1788 1026 ἁρμονίας

283 1032 460 1081 ἔχοντας
500 1029 746 1078 ἐπιτηδείως,
784 1035 939 1082 πρῶτος
979 1029 1021 1068 δὲ
1062 1028 1231 1082 διάφορα
1273 1031 1311 1069 ἐς
1351 1031 1553 1069 τοσοῦτον
1585 1031 1691 1080 μέλη
1725 1031 1786 1069 ὑπ’

284 1088 422 1127 αὐλοῖς
443 1089 602 1135 ηὔλησε
623 1089 709 1127 τοῖς
731 1086 903 1126 αὐτοῖς.2
960 1083 1129 1134 λέγεται
1160 1086 1203 1125 δὲ
1234 1086 1286 1124 ὡς
1317 1085 1380 1123 καὶ
1402 1087 1475 1125 τοῦ
1495 1085 1710 1138 προσώπου
1730 1089 1788 1136 τῷ

284 1142 471 1192 σχήματι
512 1144 574 1182 καὶ
616 1142 678 1180 ἐπὶ
719 1143 792 1180 τοῦ
830 1141 980 1181 παντὸς
1022 1140 1177 1186 κινήσει
1217 1140 1403 1190 σώματος
1437 1144 1637 1194 περισσῶς
1670 1141 1718 1187 δή
1748 1157 1787 1180 τι

282 1198 424 1249 ἔτερπε
458 1199 509 1237 τὰ
544 1196 702 1248 θέατρα·
741 1196 808 1236 καί
842 1198 877 1235 οἱ
907 1196 970 1234 καὶ
1003 1194 1115 1248 ᾆσμα
1143 1195 1413 1245 πεποιημένον
1448 1198 1538 1236 ἐστὶ
1569 1194 1785 1247 προσόδιον

283 1255 323 1293 ἐς
344 1256 486 1300 Δῆλον
515 1257 602 1293 τοῖς
631 1255 690 1291 ἐπ’
723 1251 876 1304 Εὐρίπῳ
907 1253 1172 1290 Χαλκιδεῦσι.
1231 1250 1380 1290 τοῦτόν
1398 1267 1444 1290 τε
1466 1251 1536 1291 οὖν
1557 1253 1731 1291 ἐνταῦθα
1751 1252 1788 1291 οἵ

285 1312 454 1357 Θηβαῖοι
476 1310 539 1348 καὶ
560 1309 879 1357 Ἐπαμεινώνδαν
899 1308 972 1346 τὸν
993 1304 1241 1356 Πολύμνιδος
1261 1305 1468 1348 ἀνέθεσαν.

336 1404 448 1445 Ibid.
475 1406 538 1447 27.
568 1406 590 1448 7
624 1406 682 1454 [π.
705 1407 889 1455 οἰκισμοῦ
922 1402 1174 1453 Μεσσήνης]
1207 1403 1270 1442 καὶ
1302 1404 1378 1449 τὴν
1405 1403 1480 1454 μὲν
1508 1401 1606 1443 τότε
1635 1404 1787 1454 ἡμέραν

281 1462 378 1512 πρὸς
400 1462 554 1503 θυσίαις
575 1477 621 1499 τε
643 1461 707 1499 καὶ
731 1461 872 1510 εὐχαῖς
902 1457 1020 1504 ἦσαν·
1054 1461 1142 1498 ταῖς
1174 1457 1216 1497 δὲ
1249 1460 1392 1509 ἐφεξῆς
1421 1461 1497 1498 τοῦ
1526 1459 1693 1509 τείχους
1714 1460 1787 1498 τὸν

281 1516 500 1567 περίβολον
539 1518 714 1568 ἤγειρον,
769 1517 832 1555 καὶ
883 1515 994 1554 ἐντὸς
1035 1513 1161 1554 οἰκίας
1211 1515 1274 1553 καὶ
1323 1514 1375 1552 τὰ
1425 1515 1509 1565 ἱερὰ
1559 1516 1782 1555 ἐποιοῦντο.

282 1571 518 1623 εἰργάζοντο
553 1571 596 1611 δὲ
637 1572 700 1611 καὶ
738 1572 812 1610 ὑπὸ
845 1572 1041 1619 μουσικῆς
1076 1569 1210 1617 ἄλλης
1240 1568 1314 1620 μὲν
1349 1570 1543 1619 οὐδεμιᾶς,
1580 1572 1715 1610 αὐλῶν
1744 1568 1787 1609 δὲ

282 1628 479 1667 Βοιωτίων
501 1629 563 1667 καὶ
586 1626 790 1679 Ἀργείων·
823 1624 877 1665 ‘ra'
907 1641 953 1663 τε
984 1623 1144 1666 Σακάδα
1175 1625 1238 1663 καὶ
1267 1623 1474 1676 Προνόμου
1492 1622 1599 1676 μέλη
1619 1623 1716 1665 τότε
1737 1627 1786 1673 δὴ

282 1682 551 1734 προήχθησαν
570 1682 758 1732 μάλιστα
780 1683 818 1721 ἐς
840 1681 1033 1730 ἅμιλλαν.

335 1780 412 1819 Ar.
436 1781 540 1820 Eccl.
567 1780 642 1818 98:

554 1856 602 1900 ἢν
624 1854 657 1892 δ’
683 1851 1011 1904 ἐγκαθιζώμεσθα
1031 1849 1231 1902 πρότεραι,
1258 1849 1442 1900 λήσομεν

552 1908 862 1961 ξυστειλάμεναι
884 1907 1085 1957 Θαῖμοίτια·
1118 1908 1190 1945 τὸν
1210 1905 1382 1956 πώγωνά
1401 1923 1447 1945 τε

555 1966 653 2004 ὅταν
673 1969 852 2014 καθῶμεν
873 1965 919 2003 ὃν
938 1960 1248 2014 περιδησόμεσθ’
1272 1963 1367 2010 ἐκεῖ,

553 2020 614 2060 τίς
635 2021 706 2060 οὐκ
727 2020 774 2058 ἂν
790 2020 893 2068 ἡμᾶς
916 2018 1057 2070 ἄνδρας
1080 2016 1270 2067 ἡγήσαιθ’
1295 2018 1420 2067 ὃρῶν;

551 2074 765 2126 Ἀγύρριος
784 2076 886 2124 γοῦν
905 2075 979 2112 τὸν
999 2071 1206 2124 Προνόμου
1225 2072 1382 2123 πώγων’
1404 2069 1514 2121 ἔχων

555 2131 722 2177 λέληθε·
757 2129 885 2168 καίτοι
907 2128 1101 2180 πρότερον
1123 2127 1173 2174 ἧν
1193 2126 1307 2167 οὗτος
1329 2126 1448 2177 γυνή,

551 2185 634 2225 νυνὶ
656 2184 707 2233 δ’,
734 2187 840 2236 ὁρᾷς,
864 2184 1032 2235 πράττει
1053 2184 1104 2223 τὰ
1124 2179 1289 2232 μέγιστ’
1315 2183 1357 2221 ἐν
1375 2183 1425 2233 τῇ
1446 2177 1577 2219 πόλει.

335 2276 434 2318 Sch.
469 2280 526 2318 ad
560 2282 628 2320 loc.
687 2278 735 2319 ‘0
770 2278 977 2330 Ἀγύρριος
1011 2279 1243 2330 στρατηγὸς
1275 2275 1559 2328 θηλυδριώδης,
1587 2273 1704 2326 ἄρξας
1739 2274 1783 2313 ἐν

279 2330 438 2383 Λέσβῳ,
478 2335 541 2373 καὶ
578 2335 651 2373 τὸν
690 2337 833 2384 μισθὸν
868 2335 910 2373 δὲ
950 2338 1032 2373 τῶν
1069 2337 1246 2380 ποιητῶν
1279 2332 1490 2382 συνέτεμε,
1529 2330 1593 2369 καὶ
1625 2333 1781 2381 πρῶτος

281 2389 628 2436 ἐκκλησιαστικὸν
662 2392 847 2430 δέδωκεν.
907 2392 926 2428 ὁ
963 2388 1005 2428 δὲ
1046 2388 1246 2440 Πρόνομος
1286 2388 1468 2435 αὐλητὴς
1504 2384 1635 2436 μέγαν
1672 2384 1782 2434 ἔχων

278 2443 462 2494 πώγωνα.
522 2445 729 2497 Ἀγύρριος
752 2445 793 2485 δὲ
815 2443 1103 2496 εὐρύπρωκτος.

393 2581 407 2606 ²
437 2581 704 2623 Cas.-Mein.
872 2581 889 2606 ²
918 2581 1131 2623 Siebelis:
1161 2593 1249 2620 mss
1270 2581 1406 2620 αὐτοῖς
1425 2581 1489 2627 ηὕ.
1513 2594 1550 2618 τ.
1578 2579 1670 2618 αὐλ.

281 2699 374 2744 270
