1900 3072
767 221 952 267 LYRA
1002 221 1282 268 GRAECA

989 353 1054 401 55

323 438 424 477 Zen.
454 438 641 478 Paroem.
679 439 748 478 ἓν.
787 440 823 478 l.
858 440 910 479 64
967 440 1129 490 δίχολοι
1167 444 1335 491 γνῶμαι·
1377 440 1481 491 παρὰ
1509 440 1559 479 τὸ
1589 440 1699 490 δίχα·
1745 441 1770 488 ἢ

269 492 484 588 δίτροτι·οιί·δ1
523 494 625 533 κατὰ
653 494 897 545 μετάληψιν·
929 492 1059 544 χόλος
1088 496 1166 546 γὰρ
1195 495 1220 543 ἦ
1251 494 1368 546 ὄρὙῆ,
1403 495 1503 546 ὀργὴ
1535 494 1577 535 δὲ
1606 494 1771 546 τρόπος·

268 554 437 598 Βακχυλ
481 564 525 595 ης

499 623 657 692 ὀργαὶ
690 624 778 677 ιιὲν
807 624 1110 693 ἀνθρώπων
1138 624 1541 694 διακεκριμέναι

498 695 687 766 μυρίαι
729 739 738 750 .
785 739 794 750 .
841 738 850 750 .

992 846 1054 892 56

322 931 437 971 Ε.Ᾱ[.
499 931 741 983 πλημμυρίς·
775 962 783 971 .
819 963 828 971 .
865 962 872 971 .
911 932 944 970 εἶ
970 929 1108 980 μέντοι
1137 930 1260 981 ὄνομά
1289 932 1415 979 ε’στιν,
1448 932 1624 983 εὔλογον
1648 931 1769 984 βαρύ-

268 990 404 1026 νεσθαι
426 987 524 1025 αὐτὸ
545 987 607 1025 διὰ
627 988 702 1034 τὴν
722 987 827 1038 παρὰ
847 987 1110 1037 Βακχυλίδην
1133 986 1377 1034 αἰτιατικὴν,
1400 985 1495 1026 οἷον·

631 1062 952 1132 πλήμμυριν
980 1061 1186 1116 πόντου
1217 1062 1405 1132 φυγών

991 1257 1051 1303 57

324 1341 443 1382 Stob.
480 1344 544 1382 Fl.
580 1344 643 1383 98.
680 1342 730 1384 :27
789 1344 847 1391 [π.
883 1345 955 1382 τοῦ
986 1343 1090 1390 βίου,
1127 1343 1188 1381 ὅτι
1218 1343 1379 1392 βραχὺς
1409 1342 1472 1381 καὶ
1505 1344 1677 1391 εὐτελὴς
1707 1344 1770 1383 καὶ

268 1398 490 1449 φροντίδων
509 1398 768 1447 ἀνάμεστος]
804 1399 845 1436 ἐν
865 1403 921 1448 τῷ
944 1398 1050 1447 αὐτῷ
1079 1397 1352 1449 (Βακχυλίδου
1373 1398 1620 1447 'En-minoas)-

439 1474 632 1539 ὄλβιος
661 1472 702 1526 δ’
732 1472 902 1530 οὐδεὶς
929 1475 1148 1543 βροτῶν
1175 1473 1359 1526 πάντα
1387 1472 1604 1544 χρόνον.

955 1661 1018 1707 57
1041 1659 1086 1705 Α

326 1747 470 1799 Heph.
492 1747 605 1788 Ptol.
628 1761 696 1800 ap.
718 1748 847 1788 Phob.
870 1747 979 1787 Bibl.
1004 1747 1080 1786 153
1096 1758 1122 1784 a
1178 1747 1220 1786 τί
1236 1744 1326 1785 ἐστὶ
1346 1745 1395 1784 τὸ
1411 1746 1516 1796 παρὰ
1531 1747 1768 1800 Βακχυλίδῃ

270 1803 319 1842 ὡς
341 1802 418 1842 ἀπὸ
440 1805 637 1851 Σειληνοῦ
659 1803 868 1852 εἰρημένον
888 1802 951 1841 καὶ
973 1803 1071 1849 πρὸς
1092 1799 1181 1840 τίνα
1203 1801 1287 1840 εἷπε
1308 1801 1356 1839 τὸ
1379 1800 1500 1848 ἔπος;

325 1859 542 1908 Arist.s7·.
559 1858 611 1897 40
633 1860 681 1897 ὡς
705 1859 779 1906 ἄρα
798 1859 852 1905 μὴ
873 1853 1062 1907 γενέσθαι
1082 1854 1156 1904 μὲν
1179 1856 1257 1906 ἔφη
1274 1856 1440 1907 ἄριστον
1458 1855 1634 1905 πάντων,
1657 1858 1706 1896 τὸ
1728 1855 1770 1895 δὲ

267 1910 451 1951 τεθνάναι
490 1916 562 1952 τοῦ
604 1909 674 1960 ζῆν
713 1913 802 1952 ἐστὶ
840 1914 1038 1961 κρεῖττον.
1098 1911 1161 1949 καὶ
1201 1913 1375 1950 πολλοῖς
1413 1912 1516 1950 οὕτω
1555 1912 1660 1962 παρὰ
1697 1913 1770 1950 τοῦ

269 1968 468 2016 δαιμονίου
515 1968 822 2019 μεμαρτύρηται.
887 1969 1009 2005 τοῦτο
1047 1965 1121 2014 μὲν
1160 1966 1296 2015 ἐκείνῳ
1344 1968 1403 2015 τῷ
1446 1966 1550 2018 Μίδᾳ
1599 1965 1772 2016 λέγουσι

269 2022 397 2068 δήπου
408 2022 512 2072 μετὰ
524 2023 599 2069 τὴν
616 2022 738 2071 θήραν
754 2024 804 2062 ὡς
821 2020 947 2068 ἔλαβε
959 2022 1032 2059 τὸν
1046 2022 1243 2068 Σειληνὸν
1255 2023 1491 2072 διερωτῶντι
1505 2021 1568 2060 καὶ
1580 2025 1769 2061 πυνθανο-

267 2075 372 2128 μένῳ
392 2078 433 2117 τί
451 2077 543 2117 ποτ’
568 2078 658 2116 ἐστὶ
679 2078 727 2115 τὸ
748 2077 976 2122 βέλτιστον
996 2079 1080 2114 τοῖς
1101 2076 1316 2126 ἀνθρώποις
1348 2076 1411 2114 καὶ
1441 2076 1482 2116 τί
1511 2080 1592 2115 τῶν
1609 2076 1772 2116 πάντων

269 2134 552 2182 αἱρετώτατον,
589 2135 637 2171 τὸ
672 2130 744 2177 μὲν
779 2135 937 2181 πρῶτον
969 2131 1084 2170 οὐδὲν
1114 2131 1268 2170 ἐθέλειν
1298 2131 1425 2169 εἰπεῖν
1463 2132 1575 2171 ἀλλὰ
1613 2133 1771 2171 σιωπᾶν

269 2187 487 2239 ἀρρήκτως·
533 2188 668 2233 ἐπειδὴ
708 2187 750 2225 δέ
789 2203 889 2224 ποτε
927 2183 1045 2235 μόγις
1084 2188 1221 2225 πᾶσαν
1252 2186 1442 2235 μηχανὴν
1479 2186 1770 2236 μηχανώμενος

268 2242 559 2293 προσηγάγετο
599 2241 850 2292 φθέγξασθαί
886 2258 926 2280 τι
964 2242 1061 2291 πρὸς
1101 2241 1236 2289 αὐτόν,
1281 2242 1407 2281 οὕτως
1446 2239 1772 2292 ἀναγκαζόμενον

518 2358 533 2382 ²
563 2371 609 2397 so
630 2357 835 2409 Hesyeh:
869 2358 969 2397 Zen.
996 2358 1101 2408 παρὰ
1121 2358 1169 2396 τὸ
1191 2360 1284 2410 διχῇ
1309 2357 1525 2410 ἱδιότροποι

328 2488 343 2511 ¹
372 2488 426 2528 cf.
453 2487 643 2540 Hesych.
671 2487 846 2537 δίχολοι,
873 2488 1035 2537 δίχολοι
1056 2491 1225 2537 γνῶμαι,
1250 2486 1339 2527 and.
1360 2486 1666 2537 διακεκριμέναι,
1686 2485 1768 2526 but

271 2542 366 2583 Seh.
406 2543 616 2595 Hippocr.
657 2545 695 2583 5.
731 2544 812 2582 584
850 2542 1042 2582 ascribes
1076 2544 1113 2582 it
1149 2547 1197 2582 to
1228 2542 1368 2584 Alcm'.
1400 2543 1446 2582 in
1475 2541 1552 2581 the
1582 2540 1694 2580 form
1723 2539 1770 2579 of
1803 2542 1806 2545 ’

272 2600 313 2636 ἐν
351 2596 424 2647 μὲν
465 2598 652 2649 ἀνθρώπῳ
692 2597 806 2649 ὀργαὶ
847 2596 1072 2648 κεκριμέναι
1110 2597 1242 2648 μυρίαι
1405 2597 1423 2622 ²
1452 2594 1507 2635 cf.
1543 2595 1648 2636 FaV.
1688 2596 1768 2636 368

273 2666 367 2710 208
