1900 3072
698 252 881 298 LYRA
931 250 1210 298 GRAECA

457 390 469 409 ‘
487 380 705 434 Θνατὸν
731 380 892 434 εὖντα
920 379 1029 450 χρὴ
1059 378 1309 448 διδύμους
1336 379 1514 447 ἀέξειν

297 457 382 508 ἐπ.
405 454 447 513 ς’
524 454 757 522 γνώμας,
787 453 871 506 ὅτι
900 454 947 505 τ’
976 453 1163 523 αὔριον
1191 454 1360 523 ὄψεαι

358 540 411 579 80
449 531 647 595 μοῦνον
672 525 834 579 ἁλίου
859 527 1000 596 φάος

453 600 593 670 χῶτι
621 598 941 666 πεντήκοντ’
969 598 1092 669 ἔτερ

456 672 592 738 ζώαν
621 672 1020 734 βαθύπλουτον
1047 673 1232 728 τελεῖς.

453 745 580 798 ὅσια
611 744 748 813 δρῶν
776 744 1049 832 εὔφραινε
1059 743 1243 811 θυμόν·
1285 747 1447 797 τοῦτο
1474 743 1581 814 γὰρ

455 817 732 889 κερδέων“
710 815 1031 887 υπέρτατον.

258 934 380 983 στρ.
404 911 451 977 ζ’
530 910 811 979 φρονέοντι
840 909 1042 963 συνετὰ
1070 909 1272 978 γαρύω·
1314 909 1494 974 βαθὺς
1521 910 1619 979 μὲν

360 997 416 1036 86
457 984 620 1055 αἰθὴρ
648 981 925 1052 ἀμιαντος·
968 981 1110 1051 ὕδωρ
1139 982 1195 1034 δὲ
1222 983 1427 1036 πόντου

454 1057 518 1110 οὐ
546 1059 806 1110 σάπεται·
850 1054 1194 1126 δυσφόρυτος
1212 1056 1232 1088 1
1259 1053 1357 1108 δ’ὁ
1354 1055 1612 1147 χρυσός·

453 1128 609 1199 ἀνδρὶ
659 1128 701 1182 δ’
731 1129 792 1182 οὐ
822 1128 971 1197 θέμις
999 1127 1199 1181 πολιὸν
1226 1127 1470 1197 παρέντα

261 1204 377 1257 ἀντ.
400 1203 445 1269 ζ’
523 1207 694 1272 γῆρας
724 1202 951 1276 θάλειαν
975 1201 1128 1259 αὖτις
1157 1201 1502 1307 ἀγκομίσσαι

363 1288 414 1328 90
456 1277 619 1341 ἥβαν.
701 1277 896 1345 ἀρετᾶς
922 1296 984 1341 γε
1010 1273 1107 1342 μὲν
1135 1274 1197 1326 οὐ
1223 1274 1493 1342 μινύνθη2

454 1346 732 1418 βροτῶν”
701 1370 812 1415 αμα
842 1347 1057 1414 σώματι
1086 1346 1304 1417 φέγγος,
1334 1347 1486 1400 ἀλλὰ

456 1421 665 1474 Μοῦσά
693 1442 771 1474 νιν
801 1420 1002 1490 τρέφει.
1079 1418 1276 1488 Ιέρων,
1309 1420 1378 1472 σὺ
1408 1418 1452 1472 δ’
1478 1421 1657 1485 ὄλβου

291 1495 377 1549 ἐπ.
401 1494 446 1560 ζ’
523 1493 789 1547 κάλλιστ’
816 1493 1096 1560 ἐπεδείξαο
1125 1493 1342 1551 θνατοῖς

453 1566 637 1620 ἄνθεα·
679 1567 952 1637 πράξαντι
980 1564 1022 1617 δ’
1051 1565 1108 1618 εὖ

363 1654 413 1693 95
454 1641 516 1693 οὐ
546 1641 694 1710 φέρει
721 1638 932 1707 κόσμον
960 1660 1085 1691 σιω-

456 1713 551 1766 πά·
594 1712 695 1766 σὺν
724 1711 766 1765 δ’
797 1710 1034 1764 ἀλαθεία
1061 1713 1251 1764 καλῶν

453 1786 546 1838 καὶ
573 1784 971 1853 μελιγλώσσου
999 1806 1077 1842 τις
1108 1784 1334 1852 υμνήσει
1361 1783 1543 1855 χάρινί

457 1860 630 1923 Κηΐας
660 1857 902 1923 ἀηδόνος.

857 1976 918 2022 32
959 1971 1044 2038 (iv)

829 2068 902 2134 τῷ
931 2064 1079 2133 αὐτῷ

724 2161 963 2229 [ἵπποις]
989 2161 1172 2214 Πύθια

273 2283 394 2331 στρ.
413 2258 460 2312 α’
534 2260 659 2313 Ἔτι
687 2257 1034 2329 Συρακοσίαν
1062 2261 1219 2328 φιλεῖ

456 2333 622 2386 πόλιν
651 2332 676 2386 ὁ
706 2331 1063 2422 χρυσοκόμας
1089 2329 1411 2391 Ἀπόλλων,

457 2405 757 2473 ἀστύθεμίν
787 2405 835 2456 θ’
861 2403 1079 2473 Ἱέρωνα
1107 2402 1357 2471 γεραίρει·

457 2478 638 2547 τρίτον
655 2477 762 2548 γὰρ
779 2476 907 2547 παρ’
928 2476 1182 2547 ὀμφαλὸν
1199 2475 1489 2546 ὑψιδείρου
1505 2473 1706 2546 χθονὸς

259 2612 274 2636 ¹
303 2613 353 2660 E,
397 2612 449 2651 cf.
496 2612 651 2664 φορύνω
691 2611 777 2651 and
819 2609 1017 2664 φορυτός;
1068 2610 1104 2650 Ρ
1142 2610 1368 2662 εὐφροσύνα
1515 2609 1532 2634 ²
1559 2610 1598 2650 J
1627 2609 1699 2660 (cf.

201 2666 406 2717 μηκύνω);
440 2666 475 2706 Ρ
503 2668 655 2717 μινύθει

209 2754 295 2795 142
