1900 3072
775 170 961 218 LYRA
1009 171 1290 218 GRAECA

350 306 497 353 Dion.
541 305 656 351 Hal.
700 304 858 369 Comp.
899 306 989 353 131
1033 306 1087 351 R.
1167 300 1218 354 οἱ
1266 299 1362 369 μὲν
1407 300 1502 353 οὖν
1552 301 1779 371 ἀρχαῖοι

273 372 580 443 μελοποιοί,
631 372 777 440 λέγω
837 372 884 424 δ’
938 372 1211 426 Ἀλκαῖόν
1269 397 1327 427 τε
1388 372 1481 426 καὶ
1540 372 1776 439 Σαπφώ,

272 446 472 516 μικρὰς
508 448 792 500 ἐποιοῦντο
833 446 1097 514 στροφάς·
1146 445 1290 500 ὥστε
1330 448 1385 500 ἐν
1422 444 1629 514 ὀλίγοις
1665 449 1780 503 τοῖς

273 520 471 576 κώλοις
535 520 599 571 οὐ
672 518 919 576 πολλοὺς
989 519 1212 587 εἰσῆγον
1273 520 1370 576 τὰς
1437 519 1778 588 μεταβολάς,

273 591 503 662 ἐπῳδοῖς
557 614 615 645 τε
659 592 807 644 πάνυ
859 592 1102 663 ἐχρῶντο
1154 592 1383 658 ὀλίγοις·
1449 591 1502 644 οἱ
1547 590 1603 644 δὲ
1650 591 1777 661 περὶ

274 647 618 757 Στησίχορόν
647 687 704 716 τε
731 664 825 717 καὶ
853 663 1145 733 Πίνδαρον,
1169 663 1378 732 μείζους
1405 664 1774 734 ἐργασάμενοι

274 737 369 796 τὰς
421 737 721 806 περιόδους,
763 737 836 794 εἰς
889 735 1080 789 πολλὰ
1130 736 1301 807 μέτρα
1343 737 1432 790 καὶ
1472 741 1630 789 κῶλα
1671 736 1777 790 διέ-

274 834 461 878 νειμαν
500 810 686 870 αὐτάς,
717 811 814 863 οὐκ
856 809 1035 862 ἄλλου
1077 809 1217 867 τινὸς
1244 810 1277 876 ἢ
1319 815 1414 878 τῆς
1453 811 1776 877 μεταβολῆς

273 884 450 953 ἔρωτι.
520 883 569 936 οἱ
597 882 653 935 δέ
679 905 740 950 γε
769 882 1232 952 διθυραμβοποιοὶ
1259 883 1354 935 καὶ
1383 882 1508 939 τοὺς
1537 881 1773 952 τρόπους

270 955 639 1025 μετέβαλλον,
658 954 901 1024 Δωρίους
929 978 987 1009 τε
1009 956 1099 1008 καὶ
1120 954 1393 1025 Φρυγίους
1421 955 1514 1008 καὶ
1539 954 1773 1012 Λυδίους

272 1031 327 1082 ἐν
355 1034 428 1099 τῷ
457 1030 606 1098 αὐτῷ
637 1030 846 1102 ἄσματι
882 1032 1183 1086 ποιοῦντες·
1231 1028 1323 1081 καὶ
1365 1027 1461 1085 τὰς
1498 1026 1775 1097 μελῳδίας

273 1102 634 1170 ἐξήλλαττον,
664 1101 787 1154 τοτὲ
814 1124 911 1167 μεν
937 1099 1287 1170 ἐναρμονίους
1324 1105 1622 1161 ποιοῦντες,
1652 1100 1777 1154 τοτὲ

273 1175 328 1228 δὲ
391 1175 765 1267 χρωματικάς,
831 1174 954 1227 τοτὲ
1019 1174 1074 1226 δὲ
1139 1172 1433 1230 διατόνους·
1501 1173 1595 1226 καὶ
1660 1176 1777 1230 τοῖς

271 1248 494 1318 ῥυθμοῖς
558 1246 704 1300 κατὰ
768 1246 990 1313 πολλὴν
1053 1246 1241 1300 άδειαν
1303 1246 1776 1316 ἐνεξουσιάζοντες

273 1321 566 1374 διετέλουν·
615 1343 664 1372 οι
691 1342 752 1388 γε
780 1319 843 1386 δη
881 1320 1024 1372 κατὰ
1060 1318 1359 1388 Φιλόξενον
1388 1319 1479 1372 καὶ
1507 1317 1775 1386 Τιμόθεον

273 1396 362 1446 καὶ
391 1394 687 1458 Τελέστην·
737 1393 855 1445 ἐπεὶ
882 1393 1037 1463 παρά
1063 1415 1125 1460 γε
1153 1396 1263 1450 τοῖς
1292 1391 1549 1463 ἀρχαίοις
1577 1414 1772 1458 τεταγ-

270 1467 426 1534 μένος
454 1466 517 1532 ἣν
547 1466 572 1519 ὁ
603 1465 956 1534 διθύραμβος.
1037 1467 1067 1528 ἡ
1097 1464 1151 1518 δὲ
1188 1466 1322 1531 πεζὴ
1349 1464 1499 1532 λέξις
1537 1465 1768 1517 ἅπασαν

273 1540 585 1609 ἐλευθερίαν
611 1540 725 1610 ἔχει
753 1538 848 1591 καὶ
884 1538 1071 1591 ἄδειαν
1101 1537 1415 1591 ποικίλλειν
1453 1541 1571 1595 ταῖς
1607 1559 1770 1606 μετα-

270 1615 473 1678 βολαῖς
501 1613 598 1678 τὴν
625 1612 887 1665 σύνθεσιν
913 1612 1060 1669 ὅπως
1087 1610 1375 1675 βούλεται.

347 1720 476 1765 Plu’c.
522 1718 647 1764 M‘us.
701 1719 765 1766 30
839 1713 918 1778 [π.
974 1710 1318 1781 διαστροφὴν
1371 1710 1469 1778 τὴν
1489 1715 1603 1789 τῆς
1641 1732 1770 1778 μου-

274 1789 476 1854 σικης]·
525 1786 620 1839 καὶ
649 1783 1085 1874 Ἀριστοφάνης
1107 1783 1132 1837 ὁ
1175 1782 1412 1875 κῳμικὸς
1450 1775 1770 1852 μνημονεύει

273 1859 575 1927 Φιλοξένου
605 1857 703 1910 καί
730 1861 946 1927 φησιν’
928 1859 1011 1910 ότι
1040 1857 1112 1915 εἰς
1140 1879 1264 1914 τους
1287 1856 1545 1914 κυκλίους
1572 1878 1775 1928 χορους

270 1934 412 2003 μέλη
441 1931 817 1999 εἰσηνέγκατο.

349 2035 473 2081 Ibid.
521 2034 580 2081 31
660 2028 744 2080 ὅτι
799 2027 855 2079 δὲ
909 2026 1062 2096 παρὰ
1115 2025 1213 2083 τὰς
1264 2024 1488 2094 ἀγωγὰς
1538 2025 1630 2078 καὶ
1677 2047 1774 2082 τας

271 2103 542 2190 μαθησεις
580 2099 870 2170 διόρθωσις
903 2124 935 2167 η
973 2101 1284 2169 διαστροφὴ
1313 2097 1577 2166 γίγνεται,
1608 2098 1777 2165 δῆλον

274 2172 659 2245 Ἀριστόξενος
687 2172 932 2238 ἐποίησε.
1010 2176 1117 2225 τῶν
1147 2172 1254 2241 γὰρ
1291 2170 1435 2224 κατὰ
1475 2169 1573 2237 τὴν
1605 2172 1776 2224 αὑτοῦ

272 2247 496 2314 ἡλικίαν
523 2246 664 2316 φησὶ
692 2245 932 2298 Τελεσία
971 2250 1044 2315 τῷ
1080 2243 1314 2314 Θηβαίῳ
1350 2247 1638 2312 συμβῆναι
1675 2267 1774 2314 νεῳ

271 2321 367 2390 μὲν
408 2323 523 2373 ὄντι
562 2323 839 2388 τραφῆιαι
880 2319 932 2370 ἐν
972 2323 1037 2387 τῇ
1080 2316 1364 2387 καλλίστῃ
1403 2320 1642 2384 μουσικῇ
1683 2317 1774 2369 καὶ

272 2394 464 2462 μαθεῖν
493 2391 644 2443 ἄλλα
673 2414 731 2444 τε
761 2414 867 2443 των
895 2390 1328 2457 εὐδοκιμούντων
1355 2390 1448 2442 καὶ
1477 2388 1540 2455 δὴ
1577 2387 1672 2441 καὶ
1705 2387 1775 2441 τὰ

272 2465 567 2535 Πινδάρου,
596 2465 665 2515 τά
703 2485 761 2515 τε
802 2463 1098 2516 Διονυσίου
1137 2466 1235 2515 τοῦ
1275 2461 1534 2527 Θηβαίου
1571 2461 1665 2514 καὶ
1705 2460 1775 2514 τὰ

275 2539 550 2607 Λαμπρου
579 2537 670 2589 καὶ
709 2536 777 2589 τὰ
814 2536 1092 2605 Πρατίνου
1129 2535 1222 2588 καὶ
1261 2539 1367 2588 τῶν
1401 2537 1614 2587 λοιπῶν
1650 2533 1773 2586 ὅσοι

274 2630 370 2689 364
