1900 3072
785 220 873 268 LY
883 221 970 268 ΒΑ
1021 220 1301 269 GRAECA

290 350 414 390 εἰπεῖν
440 350 661 401 ’Δαίμονος
684 351 874 390 ἐπιπόνου
905 350 968 390 καὶ
999 349 1133 400 τύχης
1163 353 1351 400 χαλεπῆς
1384 349 1584 401 ἐφήμερον
1614 348 1786 403 σπέρμα,

288 405 328 444 τί
347 422 395 454 με
417 403 606 454 βιάζεσθε
624 406 765 456 λέγειν
786 406 808 444 ἂ
832 407 921 454 ὑμῖν
942 406 1073 456 ἄρειον
1101 405 1157 454 μὴ
1187 409 1361 455 γνῶναι;
1390 405 1481 455 μετ’
1515 406 1681 456 ἀγνοίας
1709 406 1789 456 γὰρ

287 463 368 498 τῶν
398 460 553 499 οἰκείων
583 465 715 500 κακῶν
743 459 1000 500 ἀλυπότατος
1031 463 1051 499 ὁ
1081 460 1181 504 βίος.
1216 459 1433 510 ἀνθρώποις
1460 458 1502 499 δὲ
1526 458 1691 509 πάμπαν
1720 461 1792 500 οὐκ

288 515 377 553 ἔστι
397 515 587 565 γενέσθαι
608 516 656 554 τὸ
676 514 837 555 πάντων
863 515 1029 563 ἄριστον
1055 515 1146 554 οὐδὲ
1172 519 1401 564 μετασχεῖν
1424 517 1499 562 τῆς
1524 518 1598 555 τοῦ
1619 514 1789 568 βελτίσ-

286 586 359 608 του
389 571 564 620 φύσεως·
599 571 765 619 ἄριστον
799 570 875 620 γὰρ
909 572 1010 609 πᾶσι
1045 571 1108 609 καὶ
1143 568 1291 610 πάσαις
1324 571 1373 609 τὸ
1405 570 1460 618 μὴ
1492 569 1695 619 γενέσθαι·
1741 570 1790 609 τὸ

287 624 424 674 μέντοι
453 626 558 674 μετὰ
586 628 710 664 τοῦτο
743 626 804 665 καὶ
828 628 987 676 πρῶτον
1007 628 1089 664 τῶν
1110 624 1296 677 ἀνθρώπῳ
1319 625 1516 673 ἀνυστῶν,
1541 625 1728 677 δεύτερον
1748 623 1791 664 δὲ

287 682 334 719 τὸ
355 680 595 730 γενομένους
611 681 825 719 ἀποθανεῖν
842 683 891 720 ὡς
907 680 1119 729 τάχιστα.’
1179 682 1305 726 δῆλον
1321 679 1390 719 οὖν
1410 680 1578 729 <ὅτι>
1597 683 1648 721 ὣς
1665 682 1791 727 οὔσης

288 733 517 784 κρείττονος
547 737 622 782 τῆς
653 736 695 774 ἐν
724 740 780 785 τῷ
814 735 1000 775 τεθνάναι
1031 737 1235 785 διαγωγῆς
1257 736 1280 783 ἢ
1301 737 1376 781 τῆς
1398 736 1442 775 ἐν
1461 738 1520 785 τῷ
1545 734 1631 786 ζῆν,
1665 735 1791 775 οὕτως

287 790 534 840 ἀπεφήνατο.

1006 930 1068 977 58

341 1016 475 1056 Clem.
502 1015 576 1055 Al.
596 1016 718 1055 Pavad.
750 1016 783 1054 1.
813 1016 891 1054 154
939 1015 975 1055 οἱ
995 1015 1037 1055 δὲ
1058 1017 1156 1068 αὐτῇ
1179 1014 1458 1068 προσέχοντες
1477 1018 1527 1069 τῇ
1549 1015 1686 1056 πίστει
1706 1014 1792 1056 οἷον

286 1071 564 1110 αὐτοδίδακτοι
586 1072 649 1110 καὶ
671 1071 939 1121 προαιρετικοὶ
963 1072 1148 1121 αὔξονται
1168 1075 1225 1120 τῷ
1249 1071 1408 1122 ἐπαίνῳ·

359 1145 528 1216 ἀρετὰ
555 1145 663 1215 γὰρ
692 1145 1051 1214 ἐπαινεομένα
1081 1144 1297 1215 δένδρον
1327 1145 1395 1204 ὣς
1423 1144 1682 1215 ἀέξεται.1

1005 1315 1068 1361 59

338 1402 482 1441 Amm.
508 1401 573 1440 25.
599 1403 636 1440 4.
663 1402 713 1440 3:
746 1401 853 1440 item
882 1404 934 1440 ut
963 1400 1044 1439 hoc
1074 1400 1351 1452 propositum
1381 1400 1573 1440 validius
1594 1400 1791 1441 firmaret

286 1455 521 1504 (Iulianus)
556 1455 775 1495 recolebat
806 1468 935 1507 saepe
969 1455 1138 1494 dictum
1174 1455 1302 1506 lyrici
1337 1455 1634 1507 Bacchylidis,
1660 1468 1790 1507 quem

286 1509 471 1562 legebab,
518 1509 707 1549 iucunde
749 1509 794 1549 id
835 1509 1126 1557 adserentem,
1162 1509 1280 1561 quod
1320 1515 1372 1550 ut
1409 1510 1608 1563 egregius
1646 1511 1792 1563 pictor

287 1565 459 1604 vultum
481 1566 723 1616 speciosum
745 1564 910 1617 effingit
931 1565 996 1604 ita
1023 1564 1240 1616 pudicitia
1270 1564 1425 1605 celsius
1454 1569 1790 1618 consurgentem

285 1621 425 1659 vitam
446 1624 643 1660 exornat.

1008 1862 1071 1909 60

341 1949 438 1991 Sch.
473 1951 557 2002 Ap.
593 1950 676 1989 Rh.
710 1950 748 1988 2.
773 1950 853 1990 500
875 1950 985 2000 [ἔνθα
1007 1949 1040 1988 δ’
1065 1949 1300 2001 Ἀρισταῖον
1319 1950 1451 2001 Φοίβῳ
1475 1948 1624 2001 τέκεν]·
1682 1949 1790 1991 τινὲς

285 2004 489 2056 τέσσαρας
508 2004 764 2057 Ἀρισταίους
792 2007 1132 2056 γενεαλογοῦσιν,
1153 2008 1203 2045 ὡς
1225 2005 1289 2045 καὶ
1311 2003 1582 2054 Βακχυλίδης,
1615 2005 1689 2044 τὸν
1716 2003 1792 2055 μὲν

287 2061 509 2132 ΚαριΙῦστου,
538 2063 670 2100 ἄλλον
691 2060 733 2100 δὲ
756 2059 989 2111 Χείρωνος,2
1008 2060 1140 2099 ἄλλον
1162 2059 1203 2099 δὲ
1226 2062 1303 2107 Γῆς
1323 2062 1387 2100 καὶ
1411 2061 1602 2112 Οὐρανοῦ,
1626 2061 1689 2100 καὶ
1711 2063 1785 2100 τὸν

287 2123 479 2167 Κυρηνης.

1010 2263 1069 2310 61

341 2343 451 2383 Gen.
491 2344 609 2384 NA.
649 2344 713 2384 20.
754 2345 807 2385 7:
839 2356 939 2382 nam
978 2342 1197 2382 Homerus
1225 2355 1384 2394 pueros
1412 2341 1670 2394 puellasque
1696 2341 1791 2381 eius

286 2398 494 2447 (Niobae)
510 2398 577 2437 bis
594 2411 718 2437 senos
740 2397 850 2437 dicit
871 2398 1019 2445 fuisse,
1045 2397 1281 2449 Euripides
1297 2396 1363 2436 bis
1380 2403 1595 2449 septenos,
1615 2395 1791 2448 Sappho

287 2453 354 2492 bis
373 2465 578 2501 novenos,
606 2451 895 2505 Bacchylides
916 2457 961 2491 et
983 2451 1201 2491 Pindarus
1223 2451 1289 2491 bis
1308 2450 1456 2490 denos.

345 2546 360 2570 ²
389 2548 455 2588 Bl.
480 2548 662 2599 reading
693 2548 726 2588 δ’
758 2548 845 2587 and
868 2548 1050 2599 δένδρεον
1071 2547 1263 2599 thought
1284 2547 1374 2587 this
1393 2546 1537 2599 might
1563 2546 1723 2599 belong
1742 2550 1791 2586 to

288 2604 341 2643 29
362 2603 425 2651 (ll.
455 2604 533 2642 1-2
554 2603 598 2642 of
618 2610 695 2643 str.
723 2617 770 2642 or
790 2606 906 2653 ant.)
1019 2603 1034 2627 ²
1054 2604 1118 2642 B:
1150 2615 1238 2641 mss
1259 2600 1436 2652 χέρωνος

293 2683 388 2712 210
