<?xml version="1.0" encoding="UTF-8"?>
<!DOCTYPE html PUBLIC "-//W3C//DTD XHTML 1.0 Transitional//EN"
    "http://www.w3.org/TR/xhtml1/DTD/xhtml1-transitional.dtd">
<html xmlns="http://www.w3.org/1999/xhtml" xml:lang="en" lang="en">
 <head>
  <title>
</title>
<meta http-equiv="Content-Type" content="text/html;charset=utf-8" />
  <meta name='ocr-system' content='tesseract 3.04.00' />
  <meta name='ocr-capabilities' content='ocr_page ocr_carea ocr_par ocr_line ocrx_word'/>
</head>
<body>
  <div class='ocr_page' id='page_1' title='image "./lyragraecabeingr03edmouoft_0262.png"; bbox 0 0 1900 3072; ppageno 0'>
   <div class='ocr_carea' id='block_1_1' title="bbox 781 223 1298 272">
    <p class='ocr_par' dir='ltr' id='par_1_1' title="bbox 781 223 1298 272">
     <span class='ocr_line' id='line_1_1' title="bbox 781 223 1298 272; baseline 0.004 -2"><span class='ocrx_word' id='word_1_1' title='bbox 781 223 968 271; x_wconf 90' lang='lat' dir='ltr'><strong>LYRA</strong></span> <span class='ocrx_word' id='word_1_2' title='bbox 1018 223 1298 272; x_wconf 86' lang='lat' dir='ltr'><strong>GRAECA</strong></span> 
     </span>
    </p>
   </div>
   <div class='ocr_carea' id='block_1_2' title="bbox 284 416 1001 487">
    <p class='ocr_par' dir='ltr' id='par_1_2' title="bbox 284 416 1001 487">
     <span class='ocr_line' id='line_1_2' title="bbox 284 416 1001 487; baseline -0.004 -16"><span class='ocrx_word' id='word_1_3' title='bbox 284 416 408 487; x_wconf 83' lang='grc' dir='ltr'>περὶ</span> <span class='ocrx_word' id='word_1_4' title='bbox 456 417 1001 469; x_wconf 85' lang='grc' dir='ltr'>ΛΕΩΤΡΟΦΙΔΟΤ</span> 
     </span>
    </p>
   </div>
   <div class='ocr_carea' id='block_1_3' title="bbox 280 540 1792 759">
    <p class='ocr_par' dir='ltr' id='par_1_3' title="bbox 280 540 1792 759">
     <span class='ocr_line' id='line_1_3' title="bbox 337 540 1792 593; baseline 0.003 -11"><span class='ocrx_word' id='word_1_5' title='bbox 337 541 436 583; x_wconf 85' lang='lat' dir='ltr'>Sch.</span> <span class='ocrx_word' id='word_1_6' title='bbox 470 542 549 581; x_wconf 81' lang='lat' dir='ltr'>Ar.</span> <span class='ocrx_word' id='word_1_7' title='bbox 585 542 667 583; x_wconf 73' lang='lat' dir='ltr'>Av.</span> <span class='ocrx_word' id='word_1_8' title='bbox 706 542 810 581; x_wconf 87' lang='grc'>1405</span> <span class='ocrx_word' id='word_1_9' title='bbox 866 540 1136 593; x_wconf 78' lang='grc' dir='ltr'>Λεωτροφίδῃ·</span> <span class='ocrx_word' id='word_1_10' title='bbox 1182 540 1253 591; x_wconf 81' lang='grc' dir='ltr'>(α’)</span> <span class='ocrx_word' id='word_1_11' title='bbox 1291 544 1427 590; x_wconf 81' lang='grc' dir='ltr'>ἐπειδὴ</span> <span class='ocrx_word' id='word_1_12' title='bbox 1462 544 1526 582; x_wconf 81' lang='grc' dir='ltr'>καὶ</span> <span class='ocrx_word' id='word_1_13' title='bbox 1561 542 1679 586; x_wconf 65' lang='grc' dir='ltr'>οὗτος</span> <span class='ocrx_word' id='word_1_14' title='bbox 1711 549 1792 586; x_wconf 79' lang='grc' dir='ltr'>τῶν</span> 
     </span>
     <span class='ocr_line' id='line_1_4' title="bbox 283 595 1790 650; baseline 0.002 -12"><span class='ocrx_word' id='word_1_15' title='bbox 283 597 441 649; x_wconf 83' lang='grc' dir='ltr'>σφόδρα</span> <span class='ocrx_word' id='word_1_16' title='bbox 460 600 637 636; x_wconf 81' lang='grc' dir='ltr'>λεπτῶν.</span> <span class='ocrx_word' id='word_1_17' title='bbox 695 597 762 643; x_wconf 67' lang='grc' dir='ltr'>ἢ“’</span> <span class='ocrx_word' id='word_1_18' title='bbox 743 612 806 635; x_wconf 89' lang='grc' dir='ltr'>οτι</span> <span class='ocrx_word' id='word_1_19' title='bbox 829 597 892 636; x_wconf 82' lang='grc' dir='ltr'>καὶ</span> <span class='ocrx_word' id='word_1_20' title='bbox 915 595 1034 638; x_wconf 80' lang='grc' dir='ltr'>οὗτος</span> <span class='ocrx_word' id='word_1_21' title='bbox 1055 599 1385 648; x_wconf 82' lang='grc' dir='ltr'>διθυραμβοποιὸς</span> <span class='ocrx_word' id='word_1_22' title='bbox 1407 601 1556 650; x_wconf 83' lang='grc' dir='ltr'>κοῦφος</span> <span class='ocrx_word' id='word_1_23' title='bbox 1587 629 1595 638; x_wconf 88' lang='grc'><em>.</em></span> <span class='ocrx_word' id='word_1_24' title='bbox 1629 631 1637 639; x_wconf 92' lang='grc'>.</span> <span class='ocrx_word' id='word_1_25' title='bbox 1671 631 1679 640; x_wconf 91' lang='grc'><em>.</em></span> <span class='ocrx_word' id='word_1_26' title='bbox 1711 602 1790 641; x_wconf 79' lang='grc' dir='ltr'>ἀπὸ</span> 
     </span>
     <span class='ocr_line' id='line_1_5' title="bbox 280 650 1791 708; baseline 0.003 -16"><span class='ocrx_word' id='word_1_27' title='bbox 280 655 360 705; x_wconf 70' lang='grc' dir='ltr'>’γὰρ</span> <span class='ocrx_word' id='word_1_28' title='bbox 387 651 540 700; x_wconf 82' lang='grc' dir='ltr'>ταύτης</span> <span class='ocrx_word' id='word_1_29' title='bbox 571 650 621 698; x_wconf 81' lang='grc' dir='ltr'>ἧν</span> <span class='ocrx_word' id='word_1_30' title='bbox 650 654 670 690; x_wconf 83' lang='grc' dir='ltr'>ὁ</span> <span class='ocrx_word' id='word_1_31' title='bbox 700 651 992 703; x_wconf 83' lang='grc' dir='ltr'>Λεωτροφίδης.</span> <span class='ocrx_word' id='word_1_32' title='bbox 1049 652 1157 692; x_wconf 82' lang='grc' dir='ltr'>τινὲς</span> <span class='ocrx_word' id='word_1_33' title='bbox 1187 652 1230 692; x_wconf 79' lang='grc' dir='ltr'>δὲ</span> <span class='ocrx_word' id='word_1_34' title='bbox 1261 654 1325 693; x_wconf 83' lang='grc' dir='ltr'>ὅτι</span> <span class='ocrx_word' id='word_1_35' title='bbox 1356 656 1505 705; x_wconf 83' lang='grc' dir='ltr'>κοῦφος</span> <span class='ocrx_word' id='word_1_36' title='bbox 1532 656 1596 695; x_wconf 80' lang='grc' dir='ltr'>καὶ</span> <span class='ocrx_word' id='word_1_37' title='bbox 1626 657 1791 708; x_wconf 78' lang='grc' dir='ltr'>χλωρὸς</span> 
     </span>
     <span class='ocr_line' id='line_1_6' title="bbox 283 706 1541 759; baseline 0.001 -11"><span class='ocrx_word' id='word_1_38' title='bbox 283 708 346 758; x_wconf 79' lang='grc' dir='ltr'>ἦν,</span> <span class='ocrx_word' id='word_1_39' title='bbox 372 710 422 748; x_wconf 84' lang='grc' dir='ltr'>ὡς</span> <span class='ocrx_word' id='word_1_40' title='bbox 444 707 614 748; x_wconf 82' lang='grc' dir='ltr'>ἐοικεναι</span> <span class='ocrx_word' id='word_1_41' title='bbox 636 706 767 759; x_wconf 81' lang='grc' dir='ltr'>ὄρνιθι.</span> <span class='ocrx_word' id='word_1_42' title='bbox 828 706 1063 759; x_wconf 85' lang='grc' dir='ltr'>Θεόπομπος</span> <span class='ocrx_word' id='word_1_43' title='bbox 1084 706 1127 747; x_wconf 86' lang='grc' dir='ltr'>δὲ</span> <span class='ocrx_word' id='word_1_44' title='bbox 1150 709 1192 747; x_wconf 90' lang='grc' dir='ltr'>ἐν</span> <span class='ocrx_word' id='word_1_45' title='bbox 1212 711 1299 749; x_wconf 79' lang='grc' dir='ltr'>ταῖς</span> <span class='ocrx_word' id='word_1_46' title='bbox 1322 710 1541 758; x_wconf 85' lang='grc' dir='ltr'>Καπηλίσι·</span> 
     </span>
    </p>
   </div>
   <div class='ocr_carea' id='block_1_4' title="bbox 555 794 1286 847">
    <p class='ocr_par' dir='ltr' id='par_1_4' title="bbox 555 794 1286 847">
     <span class='ocr_line' id='line_1_7' title="bbox 555 794 1286 847; baseline 0.001 -14"><span class='ocrx_word' id='word_1_47' title='bbox 555 794 838 845; x_wconf 84' lang='grc' dir='ltr'>Λεωτροφίδης</span> <span class='ocrx_word' id='word_1_48' title='bbox 858 796 878 833; x_wconf 83' lang='grc' dir='ltr'><strong><em>ὁ</em></strong></span> <span class='ocrx_word' id='word_1_49' title='bbox 899 795 1090 847; x_wconf 85' lang='grc' dir='ltr'>τρίμνεως</span> <span class='ocrx_word' id='word_1_50' title='bbox 1110 794 1286 844; x_wconf 75' lang='grc' dir='ltr'>Λεοντίῳ</span> 
     </span>
    </p>
   </div>
   <div class='ocr_carea' id='block_1_5' title="bbox 556 849 1531 902">
    <p class='ocr_par' dir='ltr' id='par_1_5' title="bbox 556 849 1531 902">
     <span class='ocr_line' id='line_1_8' title="bbox 556 849 1531 902; baseline 0.004 -14"><span class='ocrx_word' id='word_1_51' title='bbox 556 851 711 901; x_wconf 84' lang='grc' dir='ltr'>εὔχρως</span> <span class='ocrx_word' id='word_1_52' title='bbox 732 853 919 901; x_wconf 79' lang='grc' dir='ltr'>φανεῖται</span> <span class='ocrx_word' id='word_1_53' title='bbox 940 852 1003 890; x_wconf 80' lang='grc' dir='ltr'>καὶ</span> <span class='ocrx_word' id='word_1_54' title='bbox 1026 850 1181 901; x_wconf 81' lang='grc' dir='ltr'>χαρίεις</span> <span class='ocrx_word' id='word_1_55' title='bbox 1202 851 1337 901; x_wconf 77' lang='grc' dir='ltr'>ὥσπερ</span> <span class='ocrx_word' id='word_1_56' title='bbox 1357 849 1507 902; x_wconf 86' lang='grc' dir='ltr'>νεκρός.</span> <span class='ocrx_word' id='word_1_57' title='bbox 1514 849 1531 874; x_wconf 78' lang='lat'>²</span> 
     </span>
    </p>
   </div>
   <div class='ocr_carea' id='block_1_6' title="bbox 277 933 1790 1043">
    <p class='ocr_par' dir='ltr' id='par_1_6' title="bbox 285 933 1790 1043">
     <span class='ocr_line' id='line_1_9' title="bbox 285 933 1790 988; baseline 0.002 -14"><span class='ocrx_word' id='word_1_58' title='bbox 285 933 362 985; x_wconf 83' lang='grc' dir='ltr'>(β’)</span> <span class='ocrx_word' id='word_1_59' title='bbox 393 937 529 982; x_wconf 84' lang='grc' dir='ltr'>ἐπειδὴ</span> <span class='ocrx_word' id='word_1_60' title='bbox 565 935 629 975; x_wconf 77' lang='grc' dir='ltr'>καὶ</span> <span class='ocrx_word' id='word_1_61' title='bbox 663 934 782 977; x_wconf 70' lang='grc' dir='ltr'>οὗτος</span> <span class='ocrx_word' id='word_1_62' title='bbox 814 940 896 977; x_wconf 78' lang='grc' dir='ltr'>τῶν</span> <span class='ocrx_word' id='word_1_63' title='bbox 929 935 1088 988; x_wconf 89' lang='grc' dir='ltr'>σφόδρα</span> <span class='ocrx_word' id='word_1_64' title='bbox 1123 940 1298 976; x_wconf 80' lang='grc' dir='ltr'>λεπτῶν.</span> <span class='ocrx_word' id='word_1_65' title='bbox 1358 938 1423 976; x_wconf 82' lang='grc' dir='ltr'>καὶ</span> <span class='ocrx_word' id='word_1_66' title='bbox 1455 940 1474 977; x_wconf 83' lang='grc' dir='ltr'><em>ὃ</em></span> <span class='ocrx_word' id='word_1_67' title='bbox 1512 937 1703 987; x_wconf 79' lang='grc' dir='ltr'>Κινησίας</span> <span class='ocrx_word' id='word_1_68' title='bbox 1732 934 1790 977; x_wconf 79' lang='grc' dir='ltr'>δέ.</span> 
     </span>
     <span class='ocr_line' id='line_1_10' title="bbox 277 989 754 1043; baseline 0.002 -14.047"><span class='ocrx_word' id='word_1_69' title='bbox 277 989 499 1042; x_wconf 70' lang='grc' dir='ltr'>’Ἕρμιππος</span> <span class='ocrx_word' id='word_1_70' title='bbox 531 993 754 1043; x_wconf 73' lang='grc' dir='ltr'>Κέρκωψιν·</span> 
     </span>
    </p>
   </div>
   <div class='ocr_carea' id='block_1_7' title="bbox 609 1065 1535 1230">
    <p class='ocr_par' dir='ltr' id='par_1_7' title="bbox 609 1065 1535 1230">
     <span class='ocr_line' id='line_1_11' title="bbox 1073 1065 1466 1119; baseline 0 -13"><span class='ocrx_word' id='word_1_71' title='bbox 1073 1068 1109 1106; x_wconf 83' lang='grc' dir='ltr'>οἱ</span> <span class='ocrx_word' id='word_1_72' title='bbox 1129 1067 1209 1119; x_wconf 76' lang='grc' dir='ltr'>’γὰρ</span> <span class='ocrx_word' id='word_1_73' title='bbox 1227 1065 1436 1117; x_wconf 82' lang='grc' dir='ltr'>πενόμενοι</span> <span class='ocrx_word' id='word_1_74' title='bbox 1450 1068 1466 1092; x_wconf 85' lang='lat'><strong>²</strong></span> 
     </span>
     <span class='ocr_line' id='line_1_12' title="bbox 610 1120 1355 1174; baseline 0.001 -12"><span class='ocrx_word' id='word_1_75' title='bbox 610 1121 791 1174; x_wconf 73' lang='grc' dir='ltr'>ἀνάπηρά</span> <span class='ocrx_word' id='word_1_76' title='bbox 815 1137 877 1162; x_wconf 86' lang='grc' dir='ltr'>σοι</span> <span class='ocrx_word' id='word_1_77' title='bbox 900 1120 1063 1161; x_wconf 82' lang='grc' dir='ltr'>θύουσιν</span> <span class='ocrx_word' id='word_1_78' title='bbox 1083 1124 1161 1170; x_wconf 85' lang='grc' dir='ltr'>ἤδη</span> <span class='ocrx_word' id='word_1_79' title='bbox 1181 1121 1355 1167; x_wconf 68' lang='grc' dir='ltr'>βούδια3</span> 
     </span>
     <span class='ocr_line' id='line_1_13' title="bbox 609 1176 1535 1230; baseline 0 -13"><span class='ocrx_word' id='word_1_80' title='bbox 609 1179 891 1230; x_wconf 86' lang='grc' dir='ltr'>Λεωτροφίδου</span> <span class='ocrx_word' id='word_1_81' title='bbox 915 1176 1143 1228; x_wconf 84' lang='grc' dir='ltr'>λεπτότερα</span> <span class='ocrx_word' id='word_1_82' title='bbox 1165 1180 1228 1217; x_wconf 84' lang='grc' dir='ltr'>καὶ</span> <span class='ocrx_word' id='word_1_83' title='bbox 1253 1177 1535 1228; x_wconf 85' lang='grc' dir='ltr'>Θουμαντίδος.</span> 
     </span>
    </p>
   </div>
   <div class='ocr_carea' id='block_1_8' title="bbox 284 1313 1791 1477">
    <p class='ocr_par' dir='ltr' id='par_1_8' title="bbox 284 1313 1791 1477">
     <span class='ocr_line' id='line_1_14' title="bbox 341 1313 1791 1368; baseline 0.001 -15"><span class='ocrx_word' id='word_1_84' title='bbox 341 1314 357 1337; x_wconf 74' lang='lat'>1</span> <span class='ocrx_word' id='word_1_85' title='bbox 386 1313 587 1362; x_wconf 82' lang='lat' dir='ltr'>B-Kock,</span> <span class='ocrx_word' id='word_1_86' title='bbox 623 1315 876 1368; x_wconf 84' lang='lat' dir='ltr'>comparing</span> <span class='ocrx_word' id='word_1_87' title='bbox 905 1314 1035 1354; x_wconf 75' lang='lat' dir='ltr'>Phot.</span> <span class='ocrx_word' id='word_1_88' title='bbox 1066 1313 1250 1365; x_wconf 83' lang='grc' dir='ltr'>τρίμνων,</span> <span class='ocrx_word' id='word_1_89' title='bbox 1284 1314 1398 1354; x_wconf 72' lang='lat' dir='ltr'>Plat.</span> <span class='ocrx_word' id='word_1_90' title='bbox 1424 1316 1523 1366; x_wconf 78' lang='lat' dir='ltr'>Bep.</span> <span class='ocrx_word' id='word_1_91' title='bbox 1545 1316 1626 1355; x_wconf 86' lang='lat'>439</span> <span class='ocrx_word' id='word_1_92' title='bbox 1639 1328 1678 1364; x_wconf 91' lang='lat' dir='ltr'>e,</span> <span class='ocrx_word' id='word_1_93' title='bbox 1710 1313 1791 1354; x_wconf 73' lang='lat' dir='ltr'>but</span> 
     </span>
     <span class='ocr_line' id='line_1_15' title="bbox 284 1368 1789 1421; baseline 0.001 -14"><span class='ocrx_word' id='word_1_94' title='bbox 284 1385 330 1407; x_wconf 86' lang='grc' dir='ltr'>τε</span> <span class='ocrx_word' id='word_1_95' title='bbox 352 1369 536 1420; x_wconf 83' lang='grc' dir='ltr'>φαίνεται</span> <span class='ocrx_word' id='word_1_96' title='bbox 557 1370 714 1421; x_wconf 75' lang='grc' dir='ltr'>χαρίεις</span> <span class='ocrx_word' id='word_1_97' title='bbox 734 1373 792 1410; x_wconf 79' lang='lat'>0²:</span> <span class='ocrx_word' id='word_1_98' title='bbox 827 1383 914 1409; x_wconf 84' lang='lat' dir='ltr'>mss</span> <span class='ocrx_word' id='word_1_99' title='bbox 935 1369 1146 1421; x_wconf 84' lang='grc' dir='ltr'>τρίμετρος</span> <span class='ocrx_word' id='word_1_100' title='bbox 1167 1373 1216 1411; x_wconf 81' lang='grc' dir='ltr'>ὡς</span> <span class='ocrx_word' id='word_1_101' title='bbox 1237 1368 1445 1410; x_wconf 86' lang='grc' dir='ltr'>λεόντινος</span> <span class='ocrx_word' id='word_1_102' title='bbox 1464 1370 1551 1410; x_wconf 82' lang='lat' dir='ltr'>and</span> <span class='ocrx_word' id='word_1_103' title='bbox 1575 1386 1623 1409; x_wconf 89' lang='grc' dir='ltr'>τε</span> <span class='ocrx_word' id='word_1_104' title='bbox 1643 1370 1760 1421; x_wconf 73' lang='grc' dir='ltr'>φαίνει</span> <span class='ocrx_word' id='word_1_105' title='bbox 1779 1385 1789 1409; x_wconf 78' lang='lat' dir='ltr'><strong><em>z</em></strong></span> 
     </span>
     <span class='ocr_line' id='line_1_16' title="bbox 286 1424 1791 1477; baseline 0.001 -14"><span class='ocrx_word' id='word_1_106' title='bbox 286 1428 471 1475; x_wconf 80' lang='grc' dir='ltr'>φανεῖται</span> <span class='ocrx_word' id='word_1_107' title='bbox 496 1425 546 1474; x_wconf 86' lang='grc' dir='ltr'>Ε,</span> <span class='ocrx_word' id='word_1_108' title='bbox 572 1442 619 1464; x_wconf 81' lang='grc' dir='ltr'>τε</span> <span class='ocrx_word' id='word_1_109' title='bbox 650 1424 888 1477; x_wconf 84' lang='lat' dir='ltr'>corrupted</span> <span class='ocrx_word' id='word_1_110' title='bbox 919 1425 1030 1464; x_wconf 84' lang='lat' dir='ltr'>from</span> <span class='ocrx_word' id='word_1_111' title='bbox 1065 1442 1129 1465; x_wconf 88' lang='grc' dir='ltr'>ται</span> <span class='ocrx_word' id='word_1_112' title='bbox 1159 1425 1303 1464; x_wconf 82' lang='lat' dir='ltr'>which</span> <span class='ocrx_word' id='word_1_113' title='bbox 1333 1424 1410 1464; x_wconf 83' lang='lat' dir='ltr'>fell</span> <span class='ocrx_word' id='word_1_114' title='bbox 1440 1430 1519 1464; x_wconf 70' lang='lat' dir='ltr'>out)</span> <span class='ocrx_word' id='word_1_115' title='bbox 1547 1424 1695 1464; x_wconf 84' lang='lat' dir='ltr'>before</span> <span class='ocrx_word' id='word_1_116' title='bbox 1726 1424 1791 1464; x_wconf 85' lang='grc' dir='ltr'>καί</span> 
     </span>
    </p>
   </div>
   <div class='ocr_carea' id='block_1_9' title="bbox 284 1478 1791 1586">
    <p class='ocr_par' dir='ltr' id='par_1_9' title="bbox 284 1478 1791 1586">
     <span class='ocr_line' id='line_1_17' title="bbox 285 1478 1791 1532; baseline 0.001 -14"><span class='ocrx_word' id='word_1_117' title='bbox 285 1479 372 1518; x_wconf 85' lang='lat' dir='ltr'>and</span> <span class='ocrx_word' id='word_1_118' title='bbox 394 1493 483 1519; x_wconf 81' lang='lat' dir='ltr'>was</span> <span class='ocrx_word' id='word_1_119' title='bbox 506 1479 705 1520; x_wconf 77' lang='lat' dir='ltr'>inserted</span> <span class='ocrx_word' id='word_1_120' title='bbox 725 1481 770 1519; x_wconf 85' lang='lat' dir='ltr'>in</span> <span class='ocrx_word' id='word_1_121' title='bbox 791 1480 868 1519; x_wconf 86' lang='lat' dir='ltr'>the</span> <span class='ocrx_word' id='word_1_122' title='bbox 888 1493 1036 1532; x_wconf 85' lang='lat' dir='ltr'>wrong</span> <span class='ocrx_word' id='word_1_123' title='bbox 1057 1480 1182 1532; x_wconf 82' lang='lat' dir='ltr'>place</span> <span class='ocrx_word' id='word_1_124' title='bbox 1311 1478 1327 1501; x_wconf 82' lang='lat'><strong>²</strong></span> <span class='ocrx_word' id='word_1_125' title='bbox 1356 1479 1481 1519; x_wconf 77' lang='lat' dir='ltr'>these</span> <span class='ocrx_word' id='word_1_126' title='bbox 1501 1479 1627 1520; x_wconf 77' lang='lat' dir='ltr'>three</span> <span class='ocrx_word' id='word_1_127' title='bbox 1646 1479 1791 1520; x_wconf 85' lang='lat' dir='ltr'>words</span> 
     </span>
     <span class='ocr_line' id='line_1_18' title="bbox 284 1533 1791 1586; baseline 0.001 -14"><span class='ocrx_word' id='word_1_128' title='bbox 284 1539 363 1573; x_wconf 73' lang='lat' dir='ltr'>not</span> <span class='ocrx_word' id='word_1_129' title='bbox 383 1534 427 1573; x_wconf 80' lang='lat' dir='ltr'>in</span> <span class='ocrx_word' id='word_1_130' title='bbox 450 1534 546 1575; x_wconf 83' lang='lat' dir='ltr'>Sch.</span> <span class='ocrx_word' id='word_1_131' title='bbox 659 1536 675 1559; x_wconf 81' lang='lat'>³</span> <span class='ocrx_word' id='word_1_132' title='bbox 701 1534 753 1575; x_wconf 82' lang='lat' dir='ltr'>cf.</span> <span class='ocrx_word' id='word_1_133' title='bbox 780 1534 887 1574; x_wconf 83' lang='lat' dir='ltr'>Bek.</span> <span class='ocrx_word' id='word_1_134' title='bbox 913 1536 999 1575; x_wconf 74' lang='lat' dir='ltr'>An.</span> <span class='ocrx_word' id='word_1_135' title='bbox 1027 1536 1092 1577; x_wconf 84' lang='lat'>85.</span> <span class='ocrx_word' id='word_1_136' title='bbox 1111 1536 1185 1575; x_wconf 77' lang='lat'>29:</span> <span class='ocrx_word' id='word_1_137' title='bbox 1214 1547 1302 1574; x_wconf 81' lang='lat' dir='ltr'>mss</span> <span class='ocrx_word' id='word_1_138' title='bbox 1323 1534 1487 1574; x_wconf 84' lang='grc' dir='ltr'>θύουσιν</span> <span class='ocrx_word' id='word_1_139' title='bbox 1507 1533 1639 1586; x_wconf 62' lang='grc' dir='ltr'>(θύω)</span> <span class='ocrx_word' id='word_1_140' title='bbox 1657 1535 1791 1581; x_wconf 76' lang='grc' dir='ltr'>βοΐδια</span> 
     </span>
    </p>
   </div>
   <div class='ocr_carea' id='block_1_10' title="bbox 288 2672 383 2728">
    <p class='ocr_par' dir='ltr' id='par_1_10' title="bbox 288 2672 383 2728">
     <span class='ocr_line' id='line_1_19' title="bbox 288 2672 383 2728; baseline 0.011 -13"><span class='ocrx_word' id='word_1_141' title='bbox 288 2672 383 2728; x_wconf 88' lang='lat'>246</span> 
     </span>
    </p>
   </div>
  </div>
 </body>
</html>
