1900 3072
771 238 959 286 LYRA
1011 237 1290 285 GRAECA

359 368 563 437 ''Ay-37²,
610 368 649 421 ὦ
697 364 958 438 Σπάρτας
1004 367 1230 421 ἔνοπλοι
1277 369 1458 436 κῶροι,
1503 364 1633 419 ποτὶ
1685 362 1783 418 τὰν

495 440 699 511 Ἀρέως
738 439 996 507 κίνησιν.1

335 545 435 587 Seh.
457 546 512 585 ad
533 546 604 586 loc.
665 545 749 584 ἐπεὶ
773 544 954 594 Ἀλκμὰν
975 542 1108 595 τούτῳ
1130 541 1355 595 ἐχρήσατο,
1381 540 1498 583 οὗτος
1520 539 1564 582 δὲ
1583 541 1734 582 Λάκων.

1005 765 1063 814 A'

707 877 862 928 ΤΩΝ
915 876 1374 927 ΠΑΙΖΟΝΤΩΝ

1014 990 1078 1037 30

348 1088 456 1129 Ath.
485 1091 549 1128 14.
572 1090 687 1129 629e
712 1089 767 1139 [π.
798 1088 1045 1141 ὀρχήσεων]·
1106 1087 1156 1135 ἦν
1183 1087 1224 1128 δὲ
1254 1090 1317 1128 καὶ
1339 1088 1444 1140 παρὰ
1465 1090 1550 1128 τοῖς
1572 1087 1744 1128 ἰδιώταις
1770 1087 1794 1134 ἡ

294 1143 523 1194 καλουμένη
560 1146 720 1193 ἄνθεμα.
783 1143 936 1191 ταύτην
970 1143 1013 1183 δὲ
1047 1145 1255 1195 ὠρχοῦντο
1289 1144 1393 1194 μετὰ
1427 1141 1574 1194 λέξεως
1607 1141 1798 1191 τοιαύτης

291 1198 524 1249 μιμούμενοι
556 1201 619 1239 καὶ
651 1198 861 1250 λέγοντες·

573 1287 696 1338 Ποῦ
723 1307 815 1352 μοι
843 1284 911 1337 τὰ
937 1282 1088 1354 ῥόδα,
1120 1289 1229 1338 ποῦ
1254 1306 1347 1352 μοι
1374 1283 1442 1337 τὰ
1472 1284 1542 1345 ἴα,

572 1362 680 1411 ποῦ
706 1380 799 1425 μοι
828 1356 897 1409 τὰ
924 1356 1075 1410 καλὰ
1103 1356 1299 1410 σέλινα
1322 1379 1337 1418 ;

533 1430 711 1484 -Ταδὶ
737 1431 806 1483 τὰ
832 1429 983 1500 ῥόδα,
1012 1429 1137 1482 ταδὶ
1164 1429 1233 1482 τὰ
1261 1430 1332 1491 ἴα,

577 1504 698 1556 ταδὶ
727 1502 796 1557 τὰ
822 1502 971 1555 καλὰ
999 1502 1213 1556 σέλινα.

921 1629 1001 1686 31,
1028 1629 1106 1686 32,
1134 1629 1197 1676 33

357 1728 465 1767 Poll.
501 1729 539 1768 9.
574 1729 651 1768 193
710 1727 786 1767 εἶσὶ
823 1727 865 1767 δὲ
901 1726 964 1767 καὶ
1000 1727 1127 1767 ἄλλαι
1161 1728 1325 1778 παιδιαί,
1361 1730 1404 1769 ἐν
1438 1727 1605 1780 κοτύλῃ,
1641 1730 1808 1778 χαλκῆν

301 1787 431 1832 μυῖαν,
458 1782 566 1833 ἔξεχ’
598 1784 625 1822 ὦ
656 1784 745 1834 φίλ’
775 1784 879 1831 ἥλιε,
906 1783 1210 1835 τρυγοδίφησις,
1235 1784 1494 1833 μηλολάνθη,
1518 1782 1801 1834 χελιχελώνη,

304 1837 591 1888 σκανθαρίζειν,
636 1836 931 1888 ῥαθαπυγίζων,
973 1836 1209 1886 πεντάλιθα,
1255 1839 1381 1890 φίττα
1429 1839 1634 1879 Μαλιάδες
1683 1837 1808 1888 φίττα

304 1893 424 1933 Ῥοιαί
472 1894 598 1945 φίττα
647 1895 807 1942 Μελίαι,
852 1895 1151 1944 πλαταγώνιον,
1194 1892 1425 1946 τηλέφιλον
1481 1893 1607 1945 κρίνα,
1653 1892 1811 1943 σπέρμα

306 1949 461 1998 μήλων,
488 1949 681 1998 λάταγες,
709 1947 984 1998 κολλαβίζειν.
1048 1950 1071 1996 τ’]
1103 1950 1176 1998 μὲν
1208 1951 1249 1989 ἐν
1280 1949 1448 2002 κοτύλῃ,
1475 1952 1494 1989 ὃ
1524 1948 1601 1998 μὲν
1627 1949 1809 1998 περιάγει

307 2006 363 2043 τὼ
386 2009 499 2056 χεῖρε
523 2005 578 2044 εἷς
598 2003 777 2043 τούπίσω
799 2006 862 2043 καὶ
887 2005 1094 2052 συνάπτει,
1118 2008 1137 2043 ὁ
1161 2004 1203 2044 δὲ
1226 2006 1328 2044 κατὰ
1349 2005 1396 2044 τὸ
1419 2003 1516 2055 γόνυ
1539 2001 1808 2055 ἐφιστάμενος

309 2060 446 2099 αὐταῖς
469 2057 648 2109 φέρεται,
674 2060 881 2104 ἐπιλαβὼν
910 2062 998 2098 τοῖν
1028 2063 1166 2110 χεροῖν
1194 2061 1250 2098 τὼ
1278 2060 1473 2111 ὀφθαλμὼ
1498 2062 1573 2098 τοῦ
1599 2059 1805 2113 φέροντος.

308 2112 461 2162 ταύτην
501 2115 564 2153 καὶ
602 2114 752 2154 ἱππάδα
783 2115 845 2153 καὶ
878 2115 1104 2162 κυβησίνδα
1144 2116 1315 2154 καλοῦσι
1354 2116 1431 2162 τὴν
1467 2114 1638 2155 παιδιάν.
1700 2114 1724 2162 ἡ
1766 2114 1809 2154 δὲ

308 2172 448 2221 χαλκῆ
483 2172 590 2218 μυῖα,
625 2169 755 2221 ταίνιᾳ
786 2172 841 2209 τὼ
882 2170 1075 2220 ὀφθαλμὼ
1105 2170 1443 2220 περισφίγξαντες
1477 2171 1565 2210 ἑνὸς
1603 2167 1755 2218 παιδός,
1791 2171 1811 2208 ὁ

306 2225 380 2274 μὲν
408 2222 720 2275 περιστρέφεται
751 2224 959 2275 κηρύττων

708 2312 944 2374 Χαλκῆν
969 2313 1133 2377 μυῖαν
1162 2309 1407 2378 θηράσω·

309 2405 344 2443 οἶ
366 2407 398 2443 δ’
421 2403 726 2453 ἀποκρινάμενοι
818 2406 822 2413 ’

695 2488 987 2557 Θηράσεις,
1018 2486 1146 2540 ἀλλ’
1177 2488 1239 2541 οὐ
1265 2488 1457 2558 λήψει,

778 2621 790 2646 ²
821 2635 907 2663 mss
930 2625 1064 2674 κοῦροι
1084 2621 1171 2662 and
1194 2621 1353 2663 κίνασιν

315 2702 409 2762 536
