1900 3072
787 204 874 251 LY
885 205 974 252 ΒΑ
1023 204 1302 251 GRAECA

363 335 529 386 C.I.G.
554 337 598 384 2.
622 352 667 397 Ρ.
694 334 804 384 641.
826 336 955 384 3053
1017 333 1137 398 lapis
1155 351 1305 398 prope
1336 333 1461 380 Teon
1485 340 1759 398 compertum
1782 350 1792 380 :

293 413 441 482 ἔδοξε
464 411 731 466 Κνωσίων
757 416 868 470 τοῖς
895 410 1141 480 Κόσμοις
1172 411 1266 465 καὶ
1294 413 1361 482 τᾷ
1384 410 1563 464 πόλει·
1605 410 1792 478 ἐπειδὴ

290 494 585 567 τΙ-Ιρόδοτος
649 493 952 561 Βίηνοδότω
1019 495 1111 548 καὶ
1177 497 1466 562 Μενεκλῆς
1518 494 1792 548 Διονυσίω

292 577 743 636 ἀποσταλθέντες
785 579 1125 648 πρεσβευταὶ
1157 577 1269 648 πὰρ
1297 577 1478 643 Τηΐων
1506 577 1668 647 πορτὶ
1697 576 1796 634 τὰς

293 664 347 716 ἐν
376 662 570 736 Κρήτᾳ
605 660 822 722 πόλιας,
853 662 945 715 καὶ
986 661 1382 731 διατρίψαντες
1408 659 1502 713 τὸν
1527 663 1797 714 πλεῖστον

292 745 491 818 χρόνον
531 747 585 799 ἐν
625 749 693 818 τᾷ
729 746 842 818 ἁμᾷ
885 744 1064 805 πόλει,
1102 745 1166 797 οὐ
1207 742 1370 812 μόνον
1409 742 1509 797 τὰν
1548 743 1658 796 ἀπὸ
1699 747 1797 801 τᾶς

294 829 652 897 ἀναστροφᾶς
715 828 972 895 εὐταξίαν
1049 826 1406 895 ἀπεδείξαντο
1472 825 1626 879 ἀλλὰ,
1699 826 1796 880 καὶ

295 911 612 981 ἐπεδείξατο
641 913 929 978 ἼΔίενεκλῆς
967 910 1102 978 μετὰ
1142 910 1370 977 κιθάρας
1406 909 1701 968 πλεονάκις
1728 910 1799 962 τά

296 1018 354 1048 τε
381 994 629 1062 Τιμοθέω
659 994 753 1046 καὶ
781 995 1044 1047 Πολυΐδω
1086 994 1180 1046 καὶ
1219 996 1326 1046 τῶν
1364 993 1516 1061 ἁμῶν
1545 991 1798 1064 ἀρχαίων

297 1082 548 1144 ποιητᾶν,
602 1077 783 1135 καθὼς
834 1081 1112 1147 προσῆκεν
1167 1075 1319 1146 ἀνδρὶ
1365 1075 1794 1146 πεπαιδευμένῳ·

297 1162 410 1235 ὅπᾳ.
440 1161 510 1213 ὦν
538 1161 723 1214 ἰσᾶντι
751 1160 907 1227 Τήῑοι
935 1160 1018 1212 ὅτι
1054 1164 1087 1212 ἃ
1125 1158 1287 1217 πόλις
1316 1158 1681 1212 ἀποδέδεκται
1709 1158 1799 1216 τὸς

300 1245 544 1302 τοιούτος
584 1247 691 1296 τῶν
730 1243 955 1312 ἀνδρῶν,
987 1242 1245 1314 δεδόχθαι
1273 1243 1562 1296 ἐπαινέσαι
1602 1242 1702 1295 τάν
1741 1264 1799 1294 τε

297 1329 479 1395 Τηΐων
523 1326 693 1380 πόλιν
742 1327 834 1380 ἐπὶ
886 1331 960 1396 τῷ
1014 1325 1257 1383 τοιούτος
1310 1325 1508 1396 ἄνδρας
1554 1325 1798 1395 πέμψαι,

299 1411 492 1480 ὁμοίως
513 1410 567 1464 δὲ
585 1409 675 1467 τὸς
691 1409 1046 1480 πρεσβευτὰς
1062 1408 1359 1479 Ἡρόδοτον
1379 1409 1473 1462 καὶ
1493 1411 1798 1476 Μενεκλῆν,

297 1496 383 1549 ὅτι
411 1497 594 1552 καλῶς
623 1492 715 1546 καὶ
741 1493 1016 1551 εὐτάκτως
1041 1491 1494 1561 εὐδεδα[μήκαντι
1535 1533 1546 1545 .

686 1739 1092 1790 ΠΟΛΤΙΔΟΤ
1139 1739 1414 1789 ΜΕΛΩΝ

1038 1865 1062 1912 1

355 1963 468 2001 ΕΣΙῙ.
498 1964 584 2002 164.
612 1963 664 2002 :20
734 1969 882 2002 Ατλας·
917 1963 1005 2013 ὅρος
1028 1961 1197 2009 ΛιΘύης·
1228 1962 1427 2003 Πολύῖδος
1457 1962 1499 2001 δὲ
1528 1966 1546 2002 ὁ
1569 1966 1802 2016 διθυραμβο-

300 2018 410 2055 ποιὸς
441 2018 686 2068 παρίστησιν
715 2019 838 2056 αὐτὸν
872 2017 1040 2067 ποιμένα
1069 2016 1296 2068 γεγονέναι,
1333 2018 1397 2057 καί
1430 2027 1556 2067 φησιν
1590 2019 1651 2057 ὅτι
1681 2034 1802 2070 παρα-

301 2071 517 2121 γενόμενος
559 2075 577 2110 ὁ
619 2072 794 2123 Περσεὺς
836 2071 1142 2123 ἐπερωτώμενός
1180 2089 1226 2112 τε
1267 2072 1331 2111 ὑπ’
1370 2074 1493 2112 αὐτοῦ
1536 2071 1599 2113 τίς
1637 2075 1700 2120 εἴη
1739 2074 1803 2113 καὶ

301 2126 422 2165 πόθεν
442 2128 605 2177 ἀφῖκτο,
632 2127 766 2174 ἐπειδὴ
789 2126 924 2178 λέγων
956 2127 1026 2166 οὐκ
1054 2126 1225 2175 ἔπειθεν,
1253 2126 1410 2180 ἀνάγκῃ
1444 2127 1591 2176 ἔδειξεν
1619 2128 1725 2176 αὐτῷ·
1755 2129 1804 2167 τὸ

301 2185 374 2228 τῆς
397 2180 593 2232 Γοργόνης
622 2180 838 2234 πρόσωπον
868 2183 930 2222 καὶ
962 2182 1216 2222 ἆπελίθωσεν
1245 2183 1381 2230 αὐτόν,
1407 2184 1470 2222 καὶ
1501 2185 1569 2222 ἀπ’
1600 2184 1724 2223 αὐτοῦ
1752 2184 1803 2222 τὸ

303 2238 393 2288 ὄρος
408 2236 567 2276 Ἀτλας
589 2237 758 2284 ἐκλήθη.
818 2238 921 2276 οὕτω
941 2236 1195 2290 Λυκόφρονος
1217 2239 1258 2276 ἐν
1274 2236 1560 2287 Ὕπομνήματι.

1042 2370 1070 2416 2

358 2455 498 2494 Arist„
537 2456 643 2495 Poet.
687 2456 735 2495 16
777 2457 832 2506 [π.
880 2456 1222 2508 ἆναγνωρῖσεως]·
1263 2454 1444 2505 τετάρτη
1483 2455 1525 2495 δὲ
1556 2456 1581 2503 ἦ
1622 2457 1667 2495 ἐκ
1705 2464 1805 2496 συλ-

305 2511 520 2560 λογισμοῦ,
553 2508 636 2549 οἷον
666 2511 708 2549 ἐν
738 2508 980 2561 Χοηφόροις,
1011 2512 1071 2550 ὅτι
1107 2510 1242 2561 ὅμοιός
1271 2525 1334 2550 τις
1364 2510 1577 2558 ἐλήλυθεν,
1602 2511 1732 2561 ὅμοιος
1763 2513 1806 2552 δὲ

375 2671 403 2715 6
628 2613 644 2637 ²
671 2613 726 2654 ef.
753 2613 874 2653 Tzet.
894 2615 991 2665 Lye.
1018 2614 1110 2662 879,
1135 2615 1258 2665 Exey.
1283 2613 1339 2654 Π.
1368 2614 1457 2655 132.
1486 2615 1535 2653 18

307 2685 370 2726 40
