1900 3072
779 207 962 254 LYRA
1012 206 1293 254 GRAECA

1010 338 1070 384 97

341 424 453 464 Ibid.
507 428 527 464 ὁ
547 424 621 474 μὲν
641 426 719 477 ’γὰρ
741 428 780 475 ἐξ
803 424 969 465 ἁπασῶν
999 428 1204 475 Βραχειῶν
1234 427 1440 465 συνεστὼς
1471 424 1716 476 καλούμενος
1747 423 1789 464 δὲ

288 478 363 518 ὑπό
384 497 502 519 τινων
523 480 749 532 τρίβραχυς
769 480 906 530 πούς,1
928 478 971 519 οὗ
993 483 1246 530 παραδεΐγμα
1266 478 1435 520 τοιόνδε·

612 553 827 625 βρόμιε,
859 553 1198 625 δορατοφόρ’,
1229 556 1461 616 ἐνυάλιε,

614 626 1029 696 πολεμοκέλαδε
1057 629 1232 697 πάτερ
1253 627 1397 697 ”Αρη
1415 629 1436 660 2

287 723 474 763 ταπεινός
494 738 538 762 τε
563 723 627 761 καὶ
650 721 825 772 ἄσεμνός
858 724 947 762 ἐστι
977 722 1041 762 καὶ
1073 722 1255 773 ἀγεννής,
1282 723 1348 762 καὶ
1381 722 1496 765 οὐδὲν
1525 723 1572 762 ἂν
1604 724 1644 773 ἐξ
1666 723 1788 765 αὐτοῦ

285 775 447 828 ’γένοιτο
467 782 670 828 γενναῖον.

1007 907 1070 954 98

344 998 458 1039 Ibid.
523 1001 543 1037 ὁ
565 999 596 1038 δ’
618 999 663 1037 ἐκ
683 1000 836 1050 μακρᾶς
867 998 930 1037 καὶ
962 1000 1068 1038 δυεῖν
1087 1001 1294 1050 βραχειῶν
1311 998 1442 1048 μέσην
1461 996 1536 1047 μὲν
1555 999 1696 1043 λαβὼν
1715 999 1792 1047 τὴν

286 1054 439 1105 μακρὰν
459 1054 724 1104 ἇμφιβραχὺς
745 1051 990 1103 ὠνόμασται,
1016 1053 1080 1093 καὶ
1102 1053 1147 1093 οὐ
1168 1051 1327 1104 σφόδρα
1346 1057 1427 1093 τῶν
1447 1052 1669 1104 εὐσχήμων
1698 1053 1788 1094 ἐστὶ

287 1111 454 1180 ῥρςιιῶν,
480 1110 600 1179 ἆλλὰΙ
611 1108 906 1149 διακέκλασταί
925 1125 971 1148 τε
994 1109 1058 1148 καὶ
1080 1110 1185 1148 πολὺ
1206 1110 1254 1148 τὸ
1275 1111 1378 1155 θῆλυ
1400 1109 1463 1148 καὶ
1487 1108 1653 1159 ἀγεννὲς
1685 1108 1788 1161 ἔχει·

287 1181 350 1204 οια
371 1180 461 1204 εστι
482 1181 612 1204 ταυτι·

521 1239 719 1310 Ἴακχε
747 1238 989 1308 θρίαμβε
1009 1238 1030 1270 3
1051 1237 1124 1291 σὺ
1146 1237 1314 1292 τῶνδε
1340 1238 1554 1310 χοραΎέ

1010 1396 1071 1443 99

343 1483 457 1525 Ibid.
522 1486 557 1524 οἱ
577 1485 715 1535 μέντοι
737 1483 914 1535 ῥυθμικοὶ
947 1482 1093 1523 τούτου
1123 1486 1196 1523 τοῦ
1223 1485 1343 1524 ποδὸς
1364 1484 1455 1534 (τοῦ
1477 1482 1697 1533 δακτύλου)
1718 1486 1794 1531 τὴν

288 1540 442 1591 μακρὰν
471 1541 731 1591 βραχυτέραν
762 1539 862 1578 εἶναί
886 1547 985 1589 φασι
1016 1541 1090 1585 τῆς
1120 1539 1295 1588 τελείας,
1321 1540 1391 1581 οὐκ
1421 1539 1590 1589 ἔχοντες
1613 1542 1645 1578 δ’
1668 1542 1793 1579 εἰπεῖν

290 1596 384 1645 ὅσῳ,
422 1598 619 1635 καλοῦσιν
651 1594 778 1640 αὐτὴν
810 1595 978 1645 ἄλογον.
1047 1593 1183 1643 ἕτερός
1216 1597 1333 1634 ἐστιν
1371 1594 1645 1646 ἀντίστροφον
1684 1595 1793 1645 ἔχων

288 1650 420 1700 τούτῳ
452 1650 611 1700 ῥυθμόν,
647 1651 692 1690 ὃς
726 1650 802 1688 ἀπὸ
833 1653 914 1689 τῶν
949 1652 1153 1700 βραχειῶν
1185 1648 1401 1700 ἀρξάμενος
1435 1652 1499 1690 ἐπὶ
1531 1652 1607 1698 τὴν
1637 1649 1794 1701 ἄλογον

287 1709 477 1756 τελευτᾷ·
501 1708 649 1744 τοῦτον
665 1705 917 1756 χωρίσαντες
934 1704 1011 1744 ἀπὸ
1025 1706 1106 1744 τῶν
1118 1706 1379 1745 ἀναπαίστων
1393 1706 1586 1746 κυκλικὸν
1600 1708 1787 1756 καλοῦσι,

288 1763 539 1811 παραδεῖγμα
559 1759 683 1801 αὐτοῦ
705 1757 897 1811 φέροντες
917 1759 1085 1799 τοιόνδε·

506 1834 737 1906 κέχυται
767 1834 930 1892 πόλις
961 1834 1251 1905 ὑψίπυλος
1277 1833 1424 1888 κατὰ
1450 1839 1571 1903 «γᾶν.

990 2014 1085 2062 100

343 2112 457 2152 Ibid.
479 2112 540 2164 [π.
557 2113 777 2164 κρητικοῦ]·
812 2113 879 2152 ἐὰν
900 2112 941 2152 δὲ
962 2129 1038 2160 την
1058 2112 1193 2162 ἀρχὴν
1213 2113 1253 2151 αἱ
1271 2111 1339 2153 δύο
1358 2113 1503 2165 μακραὶ
1524 2111 1794 2164 κατάσχωσιν

289 2183 364 2215 την
386 2167 427 2207 δὲ
448 2167 646 2215 τελευτὴν
668 2169 690 2215 ἡ
714 2171 903 2220 βραχεῖα,
930 2167 992 2207 οἷοί
1013 2170 1102 2208 ἐστι
1123 2167 1253 2207 ταυτί·

510 2253 614 2314 σοί,
644 2255 837 2318 Φοῖβε,
860 2252 1117 2311 Μούσαις
1146 2275 1203 2306 τε
1230 2251 1536 2322 σύμβωμοι)
1553 2253 1574 2286 4

289 2359 481 2409 ἀνδρῶδες
503 2356 604 2397 πάνυ
626 2359 714 2397 ἐστὶ
738 2359 785 2397 τὸ
807 2359 951 2408 σχῆμα
973 2358 1035 2396 καὶ
1060 2360 1115 2398 εἷς
1136 2358 1410 2408 σεμνολογίαν
1430 2357 1670 2406 ἐπιτήδειον.

347 2488 363 2512 ¹
392 2500 480 2526 mss
501 2488 593 2527 also
614 2494 790 2539 χορεῖος,
814 2493 1010 2540 τροχαῖος
1177 2487 1193 2511 ²
1221 2487 1351 2540 πάτερ
1365 2488 1467 2540 Ἀρη
1486 2489 1592 2541 only
1611 2489 1656 2528 in
1676 2489 1791 2529 A.G'.

291 2543 375 2587 (for
389 2542 492 2594 Ἀρη
513 2544 551 2582 Β
572 2543 624 2582 ef.
652 2544 747 2583 seh.
772 2543 928 2582 Aesch.
947 2542 1055 2593 Sept.
1078 2544 1187 2592 105),
1208 2543 1349 2582 which
1368 2542 1495 2583 reads
1510 2542 1789 2593 πολεμόκλονε

291 2597 308 2621 ³
339 2599 504 2647 θρίαμβε
527 2597 670 2637 Dind:
704 2611 790 2637 mss
813 2598 1026 2646 διθύραμβε
1049 2603 1188 2637 contra
1208 2603 1324 2640 metr.
1495 2598 1512 2623 ⁴
1540 2599 1674 2640 B-E:
1702 2611 1789 2638 mss

293 2653 452 2693 Μοῦσαί
471 2669 517 2691 τε
540 2656 758 2702 συμβῶμεν
780 2653 1028 2702 (σύμβωμοι)

292 2733 386 2789 462
