1900 3072
712 228 897 275 LYRA
948 229 1227 276 GRAECA

356 357 498 420 Prop.
535 359 578 405 2.
614 360 657 407 3.
693 359 720 405 9
794 359 903 406 Nec
934 376 1016 406 me
1051 366 1156 406 tam
1192 359 1362 418 facies,
1394 363 1619 422 quamvis
1651 364 1717 408 sit

421 426 649 483 candida,
687 430 823 488 cepit
861 464 870 473 .
911 464 920 473 .

282 529 290 538 .
332 529 340 538 .
383 529 392 540 .
432 501 677 556 quantum
696 495 873 540 Aeolio
893 512 1006 541 cum
1026 501 1248 557 temptat
1266 499 1486 541 carmina
1504 495 1715 558 plectro,

352 577 441 622 par
466 563 796 624 Aganippeae
822 562 998 609 ludere
1023 562 1174 609 docta
1198 563 1353 626 lyrae,

286 635 339 675 et
364 645 450 674 sua
477 646 590 675 cum
615 633 854 692 antiquae
880 634 1154 677 committit
1179 634 1365 692 scripta
1390 630 1636 678 Corinnae

352 700 672 759 carminaque
699 698 913 745 Erinnes
940 715 1042 744 non
1066 705 1214 761 putat
1239 715 1399 761 aequa
1423 701 1535 744 suis.

352 805 478 851 Stat.
515 806 624 853 Silv.
655 809 697 854 5.
727 809 770 855 3.
800 808 891 855 156
965 844 974 854 .
1015 844 1024 854 .
1066 844 1074 854 .
1119 847 1127 856 .
1166 814 1222 854 tu
1248 807 1473 870 pandere
1499 807 1676 855 doctus

284 877 503 918 carmina
528 874 794 921 Battiadae
820 875 1139 938 latebrasque
1166 875 1512 938 Lycophronis
1536 879 1633 922 arti
1649 875 1670 905 1

283 939 645 1004 Sophronaque
662 943 962 1005 implicitum
978 947 1247 1006 tenuisque
1264 960 1443 989 arcana
1454 944 1713 990 Corinnae.

283 1104 379 1150 See
420 1105 525 1152 also
566 1106 723 1157 Clem.
761 1108 842 1156 Al.
882 1108 977 1157 Str.
1016 1110 1057 1154 4.
1103 1110 1215 1167 122,
1253 1107 1366 1155 Sch.
1407 1108 1555 1154 Dion.
1594 1107 1712 1154 Thr.

215 1173 325 1218 469.
357 1173 436 1231 29,
464 1174 603 1221 Eust.
633 1175 690 1221 Il.
720 1176 830 1223 327.
863 1177 938 1223 10.

599 1630 1002 1688 ΚΟΡΙΝΝΗΣ
1052 1635 1326 1685 ΜΕΛΩΝ

851 1756 1051 1818 repom
1087 1755 1144 1803 A'

264 1971 410 2023 Apoll.
430 1972 555 2011 Pron.
572 1973 651 2012 325
668 1986 692 2012 a
709 1974 767 2022 [π.
790 1976 863 2020 τῆς
883 1975 995 2024 ἐγώ]’
1028 1974 1191 2013 Βοιωτοὶ
1216 1971 1339 2027 <ἱών>
1359 1973 1375 1997 ²
1396 1975 1446 2014 ὡς
1461 1971 1535 2018 μὲν
1548 1973 1716 2027 Τρύφων

210 2049 222 2061 .
254 2054 265 2064 .
298 2057 306 2064 .
343 2028 394 2066 ὡς
425 2026 467 2065 δὲ
498 2026 609 2074 ἔνιοι,
645 2027 698 2066 ὧν
727 2030 843 2068 ἐστὶν
878 2033 897 2068 ὁ
926 2028 1101 2079 ’Ἀβρωις
1140 2030 1239 2078 θέμα
1273 2030 1388 2069 ἐστὶν
1417 2031 1438 2069 ὃ
1472 2027 1655 2079 συζύγως
1679 2028 1715 2067 οἱ

209 2081 322 2119 αὐτοί
343 2089 444 2131 φασι
466 2085 515 2132 τῇ
538 2081 612 2130 μὲν
633 2084 737 2133 ἐγὼν
757 2084 834 2130 τὴν
855 2085 934 2132 idm,
969 2081 1045 2135 (τῇ
1069 2081 1111 2122 δὲ
1135 2084 1264 2134 ἐγώνη
1285 2085 1361 2130 τὴν
1382 2082 1533 2136 ἶώνει,>
1552 2084 1569 2108 ³
1602 2085 1640 2122 εἴ
1665 2097 1714 2132 γε

207 2135 255 2173 τὸ
276 2136 382 2185 παρὰ
403 2139 626 2186 Δωριεῦσιν
646 2153 670 2184 η
692 2138 748 2178 εἷς
770 2154 803 2177 ει
824 2138 1149 2187 μεταβάλλεται,
1176 2141 1225 2190 τῇ
1249 2139 1291 2179 δὲ
1313 2139 1473 2189 ἐγών-γα
1485 2141 1561 2186 τὴν
1574 2138 1708 2188 ἶώνγα.

213 2188 380 2241 Κόριννα
401 2190 470 2240 (fr.
498 2192 577 2240 Il)·
604 2193 666 2231 καὶ
691 2192 767 2231 ἔτι·

502 2339 517 2363 ¹
547 2353 633 2380 mss
654 2341 743 2380 atri
936 2341 951 2365 ²
980 2341 1088 2383 Bek.
1285 2340 1302 2364 ⁸
1332 2342 1439 2382 Ahr.

263 2520 279 2544 ¹
308 2521 491 2573 reading
511 2520 718 2561 doubtful
885 2522 901 2546 ²
932 2522 1227 2562 Callimachus
1391 2524 1408 2549 ³
1438 2524 1509 2563 tit.
1527 2522 1579 2563 cf.
1601 2523 1707 2562 Ant.

208 2574 300 2614 Lib.
337 2576 415 2615 25:
458 2576 582 2615 there
612 2589 713 2629 may
744 2576 854 2616 have
884 2576 993 2616 been
1024 2591 1141 2617 more
1172 2578 1281 2618 than
1314 2584 1401 2618 two
1430 2577 1596 2625 books;
1635 2577 1713 2617 the

213 2677 271 2707 10
