1900 3072
773 206 960 252 LYRA
1008 205 1285 252 GRAECA

999 336 1061 383 42

334 425 452 467 Stob.
480 425 543 465 Fl.
574 426 634 465 10.
660 426 709 464 14
767 425 824 476 [π.
851 424 1004 464 ἀδικίας
1028 425 1092 463 καὶ
1118 424 1385 476 φιλαργυρίας
1415 424 1479 463 καὶ
1509 421 1775 474 πλεονεξίας]·

281 481 535 532 Βακχυλίδου
556 480 776 519 Ἐπινίκων·

476 557 542 612 ὡς
571 553 613 607 δ’
640 555 796 621 ἅπαξ
820 554 1006 615 εἰπεῖν,
1039 554 1209 622 φρένα
1237 554 1328 608 καὶ
1357 552 1595 608 πυκινὰν

476 627 661 695 κέρδος
690 626 994 698 ἀνθρώπων
1021 629 1233 692 βιᾶται.

968 799 1030 846 42
1056 797 1101 845 Α

337 888 435 928 Seh.
471 886 656 927 Aristid.
696 888 720 926 3
754 900 795 938 p.
829 888 906 928 317
928 885 1024 925 BD
1081 886 1135 936 [εἶ
1175 887 1222 933 δὴ
1262 886 1326 925 καὶ
1366 884 1470 936 ἅρμα
1505 901 1557 935 γε
1590 884 1669 925 ἀπὸ
1706 888 1788 925 τῶν

282 946 459 990 Ἀθηνῶν
479 944 527 981 τὸ
549 943 730 992 ἀρχαῖον,
758 942 828 981 οὐκ
850 942 926 980 ἀπὸ
946 943 1022 986 τῆς
1043 939 1264 989 Σικελίας]·
1297 941 1418 979 τοῦτο
1449 940 1559 980 εἶπεν
1588 941 1638 980 ὥς
1668 956 1788 981 τινων

285 997 494 1049 λεγόντων
525 998 587 1037 ὅτι
619 998 654 1036 οἱ
685 1001 924 1038 Σικελιῶται
954 997 1111 1047 ἐξεῦρον
1137 997 1185 1034 τὸ
1214 995 1334 1047 ἅρμα·
1365 996 1401 1034 οἵ
1419 995 1498 1046 γὰρ
1519 996 1607 1047 περὶ
1629 1002 1786 1046 Βακχυ-

283 1054 402 1100 λίδην
433 1053 494 1092 καὶ
527 1052 720 1103 Πίνδαρον
751 1052 1005 1102 ὑμνήσαντες
1025 1051 1118 1090 τοὺς
1149 1050 1237 1101 περὶ
1267 1051 1426 1101 Ἱέρωνα
1456 1051 1519 1089 καὶ
1553 1049 1712 1090 Γέλωνα
1747 1052 1789 1090 ἐν

285 1110 423 1160 ἱππικῇ
447 1108 658 1158 παρέσχον
681 1106 866 1146 ὑπόνοιαν
888 1108 1130 1148 Σικελιώτας
1151 1107 1227 1153 τὴν
1248 1106 1413 1153 ἱππικὴν
1433 1106 1618 1156 ἐξευρεῖν.

1012 1329 1073 1376 43

345 1417 440 1458 Sch.
470 1419 542 1458 Od.
566 1419 630 1458 21.
654 1419 733 1457 295
791 1415 1049 1467 [Κένταυρον,
1075 1416 1311 1466 ἀγακλυτὸν
1341 1412 1602 1466 Εὐρυτίωνα]·
1635 1420 1791 1462 Βακχυ-

289 1474 405 1520 λίδης
436 1472 476 1512 δὲ
507 1472 697 1522 διάφορον
727 1474 852 1511 οἴεται
879 1473 952 1510 τὸν
983 1470 1222 1522 Εὐρυτίωνα.
1283 1471 1384 1520 φησὶ
1405 1469 1483 1521 γὰρ
1509 1466 1795 1515 ἐπιξενωθέντα

292 1533 502 1580 Δεξαμενῷ
522 1527 536 1551 ¹
562 1529 602 1568 ἐν
624 1528 762 1566 ’Ἤλιδι
782 1529 1023 1579 ὑβριστικῶς
1041 1528 1296 1577 ἐπιχειρῆσαι
1316 1527 1366 1577 τῇ
1388 1527 1461 1563 τοῦ
1482 1521 1794 1575 ξενοδολχοῦντος

292 1584 469 1635 θυγατρί,
505 1583 568 1622 καὶ
609 1583 670 1621 διὰ
700 1585 822 1621 τοῦτο
854 1583 929 1621 ὑπὸ
967 1581 1213 1633 Ἡρακλέους
1243 1580 1491 1632 ἀναιρεθῆναι
1522 1577 1680 1629 καιρίως
1709 1580 1795 1617 τοῖς

292 1640 404 1679 ἐκεῖ2
425 1638 679 1678 ἐπιστάντος.

931 1795 1093 1843 44-44
1118 1793 1162 1841 A

350 1887 445 1927 Seh.
483 1887 536 1925 Jl.
573 1886 634 1924 12.
666 1885 747 1924 292
805 1884 995 1933 Εὐρώπην
1026 1883 1103 1929 τὴν
1135 1882 1313 1922 Φοίνικος
1349 1881 1444 1921 Ζεὺς
1480 1876 1722 1928 θεασάμενος
1757 1877 1800 1918 ἔν

294 1958 371 1981 τινι
394 1945 559 1990 λειμῶνι
578 1941 681 1990 μετὰ
702 1943 878 1990 Νυμφῶν
900 1940 996 1984 ἄνθη
1017 1937 1301 1988 ἀναλέγουσαν
1323 1936 1492 1987 ἠράσθη,
1511 1935 1575 1975 καὶ
1593 1935 1800 1974 κατελθὼν

299 2000 476 2045 ἤλλαξεν
507 1997 652 2034 ἑαυτὸν
683 1994 739 2033 εἷς
768 1997 915 2045 ταῦρον
945 1992 1009 2032 καὶ
1039 1993 1117 2031 ἀπὸ
1148 1995 1220 2031 τοῦ
1252 1991 1457 2040 στόματος
1492 1988 1637 2040 κρόκον
1670 1988 1793 2028 ἔπνει.

297 2054 400 2091 οὕτω
429 2067 474 2089 τε
504 2051 580 2096 τὴν
611 2050 801 2099 Εὐρώπην
830 2048 1043 2094 ἀπατήσας
1073 2045 1284 2092 ἐβάστασε
1313 2046 1376 2086 καὶ
1407 2043 1723 2095 διαπορθμεύσας
1744 2043 1800 2082 εἷς

300 2106 460 2156 Κρήτην
493 2105 614 2155 ἐμίγη
649 2105 764 2156 αὐτῇ·
811 2103 882 2141 εἶθ’
918 2104 1021 2142 οὕτω
1056 2101 1282 2153 συνῴκισεν
1318 2101 1444 2147 αὐτὴν
1479 2098 1712 2149 Ἀστερίωνι
1744 2101 1801 2148 τῷ

300 2163 464 2211 Κρητῶν
476 2162 656 2204 βασιλεῖ·
694 2155 893 2209 γενομένη
919 2157 959 2196 δὲ
983 2157 1127 2207 ἔγκυος
1150 2157 1282 2203 ἐκείνη
1301 2158 1409 2207 τρεῖς
1429 2157 1569 2195 παῖδας
1587 2151 1796 2204 ἐγέννησε,

301 2215 449 2263 Μίνωα,
475 2214 723 2266 Σαρπήδονα,
750 2214 814 2253 καὶ
845 2211 1124 2262 Ῥαδάμανθυν.
1188 2213 1212 2260 ἦ
1240 2209 1396 2262 ἱστορία
1415 2209 1520 2261 παρὰ
1541 2207 1716 2260 “Ησιόδῳ
1736 2209 1801 2248 καὶ

299 2270 548 2322 Βακχυλίδῃ.

385 2387 401 2411 1
430 2387 596 2426 Barnes
615 2402 621 2425 :
656 2399 742 2425 mss
765 2383 976 2436 δεξάμενος
1088 2383 1104 2407 ²
1135 2396 1181 2422 so
1203 2382 1339 2421 Eust:
1372 2393 1460 2420 mss
1480 2380 1584 2420 here
1605 2381 1727 2419 οἴκοις

360 2525 376 2549 ¹
405 2525 458 2565 of.
487 2525 610 2564 Ense.
637 2525 751 2564 1909.
774 2525 821 2563 61
922 2522 937 2546 ²
968 2522 1078 2561 slain
1100 2526 1148 2560 at
1168 2521 1245 2560 the
1266 2518 1470 2571 wedding
1490 2518 1535 2558 of
1556 2516 1804 2557 Peirithoiis

305 2581 321 2605 ³
352 2579 442 2619 this
465 2578 608 2619 would
638 2579 729 2618 suit
758 2578 810 2618 fr.
845 2579 911 2626 46,
939 2575 1019 2616 but
1049 2575 1124 2615 the
1149 2575 1250 2615 host
1275 2574 1399 2614 there
1419 2574 1453 2612 is
1472 2572 1595 2626 Ceyx
1707 2571 1724 2596 ⁴
1753 2569 1801 2618 if,

310 2665 404 2695 200
