1900 3072
792 195 978 242 LYRA
1027 195 1307 242 GRAECA

304 324 422 375 ἐρρύη
443 323 588 376 νέκταρ
609 327 715 373 αὐτῷ
738 325 801 364 καὶ
822 324 950 375 γάλα.
999 325 1093 377 πρὸς
1119 324 1160 363 δὲ
1188 325 1239 364 τὰ
1270 328 1417 373 σημεῖα
1445 324 1518 364 τὰς
1538 323 1655 372 κόρας
1676 324 1803 377 ἔλαβε

304 383 432 430 δεῖμα,
458 381 524 420 καὶ
545 380 633 429 μετ’
657 380 700 419 οὐ
721 381 828 419 πολὺ
850 379 1022 429 κλήρους
1056 380 1113 419 εἰς
1143 380 1272 430 ἄγγος
1301 381 1558 429 ἐμβαλοῦσαι
1578 378 1796 427 ἆνέπηλαν.

306 437 391 475 ἐπεὶ
411 436 441 472 δ’
464 437 484 473 ὁ
505 438 655 485 κλῆρος
685 434 851 484 ἐξέπεσε
880 434 1121 483 Λευκίππης,
1146 437 1294 484 ηὔξατο
1325 437 1427 483 θῦμα
1451 440 1509 484 τῷ
1543 437 1619 485 θεῷ
1644 435 1800 483 δώσειν,

305 492 367 530 καὶ
401 490 601 530 Ἵππασον
644 492 718 528 τὸν
759 491 905 535 ἑαυτῆς
943 494 1064 530 παῖδα
1102 488 1297 530 διέσπασε
1337 490 1412 529 σὺν
1450 492 1541 530 ταῖς
1589 490 1801 540 ἀδελφαῖς.

306 548 603 586 καταλιποῦσαι
634 545 674 584 δὲ
706 545 758 583 τὰ
787 546 913 584 οἰκεῖα
941 548 1013 584 τοῦ
1042 546 1194 594 πατρὸς
1226 544 1454 594 ἐβάκχευον
1483 547 1526 584 ἐν
1552 548 1639 584 τοῖς
1671 543 1807 596 ὄρεσιν

306 601 369 640 καὶ
401 601 590 650 ἐνέμοντο
620 601 766 639 κισσὸν
795 598 859 638 καὶ
888 598 1039 648 μίλακα
1071 601 1133 638 καὶ
1166 599 1334 650 δάφνην,
1367 599 1486 650 ἄχρις
1515 600 1639 638 αὐτὰς
1663 601 1807 650 Ἐρμῆς

307 654 511 705 ἁψάμενος
530 657 580 706 τῇ
599 655 733 706 ῥάβδῳ
752 651 984 703 μετέβαλεν
997 656 1053 694 εἷς
1076 654 1240 703 ὄρνιθας.
1287 655 1350 694 καὶ
1366 654 1533 701 αὐτῶνὴ
1550 654 1625 704 μὲν
1642 654 1807 704 ἐγένετο

307 710 500 780 νυκτερίς,
520 711 544 758 ἡ
567 709 608 749 δὲ
623 713 766 760 γλαῦξ,
789 711 812 758 ἡ
836 709 877 749 δὲ
899 708 1013 759 βύζα.
1069 708 1219 760 ἔφυγον
1241 708 1283 748 δὲ
1303 710 1343 748 αἱ
1362 712 1471 761 τρεῖς
1489 710 1566 756 τὴν
1586 710 1715 760 αὐγὴν
1734 710 1807 748 τοῦ

305 773 438 813 ηλιου.

1026 923 1090 971 30

364 1009 509 1063 Apoll.
544 1011 668 1051 Pron.
699 1011 793 1050 96a
821 1012 929 1049 τεῦς·
973 1011 1075 1056 αὕτη
1111 1007 1285 1060 σύζυγος
1319 1012 1367 1062 τῇ
1403 1011 1533 1060 ἐμεῦς·
1564 1008 1814 1062 Ἐπίχαρμος

403 1097 411 1105 .
447 1065 537 1105 ἔστι
559 1065 600 1105 δὲ
622 1066 865 1105 Βοιωτιακὸν
887 1063 1079 1112 δηλόνως·

783 1157 903 1210 τεῦς
929 1151 1037 1223 «γὰρ
1066 1151 1092 1206 ὁ
1121 1155 1342 1223 κλᾶρος·

311 1265 332 1303 ὃ
351 1262 626 1315 περισπασθὲν
646 1263 721 1310 τὴν
742 1260 1008 1313 πρωτότυπον
1029 1261 1226 1310 σημαίνει.

910 1496 970 1543 31
1009 1493 1224 1544 ’Υδίπους

371 1583 470 1624 Sch.
495 1582 598 1622 Eur.
632 1584 783 1622 Phoen.
809 1583 862 1622 26
891 1581 999 1622 τινὲς
1020 1580 1061 1620 δὲ
1092 1582 1154 1620 καὶ
1186 1581 1262 1628 τὴν
1291 1578 1445 1632 μητέρα
1466 1582 1575 1631 αὐτῷ
1605 1580 1682 1631 (τῷ
1711 1577 1818 1619 035(-

317 1640 425 1689 ποδι)
459 1637 582 1689 φασὶν
611 1638 845 1690 ἀνῃρῆσθαι.
898 1638 1060 1676 ἀνελεῖν
1094 1636 1136 1675 δὲ
1164 1637 1288 1675 αὐτὸν
1319 1636 1363 1675 οὐ
1393 1637 1516 1686 μόνον
1545 1636 1622 1683 τὴν
1656 1634 1820 1685 Σφίγγα

318 1693 429 1732 ἀλλὰ
451 1695 514 1732 καὶ
535 1694 611 1740 τὴν
629 1692 856 1741 Τευμησίαν
877 1693 1082 1740 ἀλώπεκα,
1107 1693 1158 1731 ὡς
1179 1689 1358 1740 Κόριννα.

932 1940 1133 2004 Γεροίων
1169 1938 1223 1988 B'

581 2063 644 2111 32
685 2059 856 2126 [Ἀγὼν
873 2060 893 2089 ²
921 2060 1176 2109 Ρελικῶνος
1199 2058 1255 2120 κὴ
1281 2057 1566 2120 Κιθηρῶνος]

378 2161 519 2201 TzetZ.
561 2160 674 2200 Prol.
710 2159 805 2199 HeS.
847 2159 899 2199 30
939 2157 1076 2198 Gaisf.
1126 2156 1299 2195 Ἑλικὼν
1337 2155 1379 2194 δὲ
1415 2155 1480 2194 καὶ
1519 2155 1711 2204 Κιθαιρὼν
1747 2153 1826 2192 ἀπὸ

326 2215 542 2255 Ἑλικῶνος
572 2216 634 2254 καὶ
668 2217 902 2264 Κιθαιρῶνος
932 2216 1014 2251 τῶν
1048 2213 1238 2262 ἀδελφῶν
1269 2209 1517 2257 ἐκλήθησαν,
1553 2209 1699 2248 οἵτινες
1726 2209 1825 2259 πρὸς

325 2270 538 2316 ἀλλήλους
560 2267 833 2319 ἐπολέμησαν,
862 2269 988 2308 καθὼς
1010 2269 1028 2306 ὁ
1054 2268 1270 2318 Κυρηναῖος
1289 2264 1524 2315 Λυσίμαχος
1547 2264 1587 2301 ἐν
1607 2265 1666 2314 τῷ
1684 2263 1825 2314 πρώτῳ

327 2326 419 2373 Περὶ
443 2328 626 2371 Ποιητῶν
648 2325 811 2374 ἱστορεῖ.

382 2448 394 2472 ¹
425 2452 504 2488 not
534 2446 625 2498 ἔριτ,
651 2445 706 2486 cf.
740 2445 767 2485 l.
806 2447 855 2485 18
885 2443 972 2484 and
1001 2443 1147 2482 initial
1176 2442 1221 2482 of
1255 2441 1356 2482 title
1377 2440 1427 2492 (?)
1451 2444 1499 2480 to
1527 2441 1579 2480 33
1614 2436 1748 2490 (infr.
1776 2440 1823 2477 11

327 2503 583 2607 ξριὶοὴὲἓὲΐ)
602 2500 820 2540 technical
841 2499 1139 2547 connotation,
1159 2496 1328 2549 though
1349 2495 1426 2536 the
1445 2498 1628 2535 context
1646 2497 1829 2546 equates

332 2636 391 2681 26
