1900 3072
752 216 939 262 LYRA
986 216 1266 263 GRAECA

511 349 733 416 σφῦραν
761 346 1028 415 ἐξέβαλεν
1052 344 1313 415 Προκόπ-

510 441 622 479 τας,
654 418 892 489 ἀρείονος·
921 418 1105 490 τυχὼν

419 503 472 542 30
510 490 709 562 φωτός.
787 496 965 545 ταῦτα
995 489 1193 562 δέδοιχ’
1223 491 1334 544 ὅπα
1363 495 1625 544 τελεῖται.

320 587 440 634 στρ.
460 563 507 632 «γ’
587 563 720 617 Γίνα
749 563 791 615 δ’
820 565 982 632 ἔμμεν
1009 563 1176 617 πόθεν
1207 547 1375 633 ἄνδρα
1403 567 1597 618 τοῦτον

510 636 660 704 λέγει
687 635 808 690 τίνα
838 659 896 690 τε
923 636 1134 689 στολὰν
1163 636 1404 707 ἔχοντα·
1387 678 1399 698 ,

510 709 719 780 πότερα
748 733 852 762 συν
878 711 1198 776 πολεμηΐοις
1224 708 1275 761 ὅ-

509 791 709 836 πλοισι
737 805 1005 852 στρατιαν
1033 781 1239 850 ἄγοντα
1266 782 1531 835 πολλάν·
1514 823 1527 844 ,

420 868 473 907 35
512 879 545 923 η
572 859 771 923 μοῦνον
799 854 900 908 σὺν
929 854 1165 908 ὀπάοσιν
1187 856 1206 887 1

513 927 751 999 στείχειν
778 927 1017 996 ἔμπορον
1043 928 1094 981 οἷ
1101 928 1347 981 ’ἀλάταν

510 1001 593 1054 ἐπ’
622 999 985 1069 ἀλλοδαμίαν,

511 1073 743 1144 ἰσχυρόν
771 1096 829 1127 τε
857 1074 950 1127 καὶ
978 1073 1214 1140 ἄλκιμον

511 1145 612 1199 ὧδε
640 1146 731 1199 καὶ
758 1146 988 1217 θρασύν,
1016 1146 1071 1204 ὃς
1099 1145 1416 1199 τοσούτων2

423 1230 476 1270 40
515 1218 724 1286 ἀνδρῶν
752 1219 1016 1290 κρατερὸν
1042 1219 1233 1277 σθένος

512 1292 719 1363 ἔσχεν·
703 1333 715 1352 ,
764 1294 796 1359 ἦ
826 1291 942 1350 θεὸς
969 1290 1134 1345 αὐτὸν
1162 1290 1301 1362 ὁρμα

512 1364 666 1422 δίκας
692 1364 963 1418 ἀδίκοισιν
991 1366 1134 1435 ὄφρα
1160 1365 1416 1433 μήσεται·

515 1439 575 1490 οὐ
603 1437 710 1507 *γὰρ
736 1436 923 1511 ῥαδιον
949 1438 1065 1490 αἰὲν
1091 1437 1170 1506 ἕρ-

515 1510 679 1563 δοντα
705 1509 778 1577 μὴ
806 1510 1041 1581 ’ντυχεῖν
1068 1515 1235 1580 κακῷ.

422 1597 474 1634 45
517 1582 677 1636 πάντ’
707 1584 760 1635 ἐν
788 1588 861 1652 τῷ
891 1583 1100 1654 δολιχῷ
1129 1582 1309 1654 χρόνῳ
1338 1586 1589 1636 τελεῖται.

335 1679 452 1727 στρ.
475 1655 515 1708 δ’
588 1655 699 1709 Δύο
728 1655 775 1708 οἱ
805 1638 951 1725 φῶτε
968 1655 1165 1723 μόνους
1191 1657 1451 1724 ἁμαρτεῖν

513 1729 681 1794 λε’«γει,
711 1728 834 1797 περὶ
860 1727 1174 1798 φαιδίμοισι
1203 1728 1244 1780 δ’
1276 1729 1438 1796 ὤμοις

517 1801 670 1871 ξίφος
698 1801 845 1872 ἔχειν
873 1800 1432 1872 [ἐλεφαντόκωπον],3

515 1874 740 1942 ξεστοὺς
769 1873 823 1927 δὲ
853 1873 929 1927 δύ’
959 1875 1012 1927 ἐν
1039 1872 1263 1945 χέρεσσ’
1293 1873 1544 1934 ἄκοντας,

424 1958 479 1997 50
518 1948 822 2012 κηῦτυκτον
851 1946 1046 2000 κυνέαν
1075 1947 1282 2000 Λάκαι-

515 2042 611 2073 ναν
640 2019 839 2090 κρατὸς
866 2020 989 2090 περὶ
1011 2019 1033 2051 4
1072 2018 1479 2091 πυρσοχαίτου,

518 2092 759 2162 στέρνοις
789 2115 845 2146 τε
872 2091 1182 2161 πορφύρεον

515 2164 700 2235 χιτῶν’
723 2165 744 2196 5
783 2165 941 2235 ἄμφι,
970 2165 1062 2217 καὶ
1088 2166 1276 2218 οὔλιον

517 2237 821 2291 Θεσσαλὰν
849 2237 1108 2308 χλαμύδ’·
1150 2237 1406 2305 ὀμμάτων
1434 2237 1487 2289 δὲ

427 2320 479 2358 55
520 2310 778 2373 στίλβειν
807 2310 917 2363 ἄπο
944 2309 1188 2378 Λαμνίον

518 2382 820 2453 φοίνισσαν
849 2382 1052 2453 φλόνγα·
1096 2382 1271 2436 παῖδα
1299 2381 1342 2434 δ’
1371 2382 1533 2450 ἔμμεν

521 2456 836 2525 πρώθηβον,
866 2455 1072 2524 ἀρηΐων
1099 2454 1144 2507 δ’
1170 2455 1500 2524 ἀθυρμάτων

518 2529 831 2596 μεμνᾶσθαι
858 2528 1105 2596 πολέμου
1135 2550 1192 2580 τε
1220 2527 1312 2580 καὶ

519 2599 960 2654 Χαλκεοκτύπου
986 2602 1193 2671 μάχας·

430 2686 483 2725 60
523 2671 779 2739 δίζησθαι
807 2673 863 2727 δὲ
893 2674 1247 2743 φιλαγλάους
1271 2671 1528 2729 Ἀθάνας.

273 2763 365 2794 110
