1900 3072
770 219 957 265 LYRA
1006 218 1287 265 GRAECA

345 349 578 436 KMwb'v
642 348 952 419 ἐλευθερίας
1019 347 1230 420 τεύχων
1299 345 1474 415 μέγαν
1533 344 1774 399 “Ελλάδι

491 444 700 489 κοσμον

275 530 355 579 ἅμα
387 528 429 568 δὲ
460 532 510 581 τῇ
546 527 803 580 λαμπρότητι
834 530 908 574 τῆς
941 530 1074 579 φωνῆς
1105 529 1177 567 τοῦ
1216 527 1303 579 περὶ
1341 527 1417 573 τὴν
1454 525 1619 574 ποίησιν
1657 525 1781 578 ὄγκου

275 583 583 637 συμπρέψαντος
607 585 824 634 ἐπίβλεψιν
843 584 1034 634 γενέσθαι
1054 584 1125 623 τοῦ
1147 583 1313 635 θεάτρου
1333 581 1592 631 πανταχόθεν
1621 581 1678 620 εἷς
1707 582 1781 622 τὸν

274 641 541 691 Φιλοποίμενα
581 640 644 679 καὶ
678 638 821 691 κρότον
850 639 952 687 μετὰ
991 641 1122 690 χαρᾶς
1156 641 1237 677 τῶν
1266 636 1491 685 Ἑλλήνων,
1526 638 1575 676 τὸ
1606 637 1782 676 παλαιὸν

273 696 422 747 ἀξίωμα
461 698 548 736 ταῖς
589 696 751 736 ἐλπίσιν
781 693 1150 743 ἀναλαμβανόντων
1185 695 1249 733 καὶ
1284 697 1357 733 τοῦ
1392 691 1488 732 τότε
1523 692 1780 745 φρονήματος

275 752 452 803 ἔγγιστα
471 755 528 801 τῷ
550 754 704 803 θαρρεῖν
723 749 984 802 γενομένων.1

994 910 1053 956 15

332 999 469 1038 Maer.
494 1000 580 1039 Sat.
611 1000 644 1038 1.
684 999 743 1040 17.
774 998 821 1037 19
879 995 1174 1049 Apollodorus
1205 996 1247 1034 in
1279 994 1392 1034 libro
1424 998 1583 1045 quarto
1612 993 1781 1033 decimo

277 1057 362 1106 περὶ
387 1057 483 1094 θεῶν
503 1053 621 1100 Ἰήιον
641 1053 774 1092 solem
795 1051 950 1091 scribit
970 1067 978 1096 ;
1010 1052 1074 1090 iba
1095 1051 1309 1102 appellari
1331 1050 1579 1101 Apollinem
1610 1050 1689 1089 ἀπὸ
1708 1051 1782 1089 τοῦ

280 1110 383 1150 κατὰ
412 1112 486 1149 τὸν
517 1107 668 1159 κόσμον
697 1110 828 1147 ἵεσθαι
859 1109 922 1146 καὶ
954 1106 1067 1153 ἴέναι,
1090 1106 1215 1158 quasi
1247 1105 1310 1143 sol
1341 1117 1418 1157 per
1440 1103 1589 1144 Orbem
1609 1105 1780 1157 impetu

280 1165 433 1205 fertur.
497 1164 583 1204 Sed
605 1163 863 1203 Timotheus
884 1163 947 1202 ita
965 1177 974 1201 :

499 1252 571 1306 σύ
599 1251 644 1306 τ’
675 1252 713 1304 ὦ
733 1252 753 1284 2
780 1250 872 1304 τὸν
901 1251 984 1304 ἀεὶ
1012 1249 1187 1304 πόλον
1215 1248 1467 1317 οὐράνιον

497 1329 783 1394 λαμπραῖς
811 1322 1211 1384 ἀκτῖσ’,”Αλιε,
1240 1322 1479 1386 βάλλων

499 1399 729 1469 πέμψον
757 1395 1031 1461 ἑκαβόλον
1061 1396 1316 1465 ἐχθροῖσι
1335 1394 1356 1426 ³
1382 1394 1551 1459 βέλος

504 1476 607 1530 σᾶς
636 1470 748 1524 ἀπὸ
777 1470 981 1540 νεύρας,
1011 1469 1050 1521 ὦ
1083 1470 1126 1521 ἴε
1157 1468 1360 1520 Παιάν.

1012 1689 1072 1735 16

340 1779 589 1821 P111t.Aud.
616 1779 722 1818 Poet.
745 1779 790 1815 ll
856 1806 865 1815 .
885 1807 892 1814 .
914 1809 921 1815 .
944 1779 986 1815 ἐν
1007 1775 1049 1815 δὲ
1070 1779 1158 1815 ταῖς
1180 1774 1283 1825 παρὰ
1304 1773 1377 1813 τὰς
1395 1773 1532 1825 μάχας
1547 1771 1787 1813 κελεύσεσιν

288 1834 487 1874 ἑκάστοτε
518 1833 653 1883 λέγων
694 1832 920 1883 (“Ο,αηρος)·
970 1833 977 1849 ‘
997 1830 1126 1879 αἰδώς,
1166 1830 1194 1869 ὦ
1232 1828 1381 1869 Λύκιοι.
1449 1828 1553 1868 πόσε
1583 1828 1758 1880 φεύγετε
1777 1841 1787 1876 5

287 1893 358 1930 νῦν
375 1890 454 1929 θοοὶ
473 1888 600 1936 ἔστε,’
621 1891 684 1927 καὶ
704 1889 823 1926 ιἀλλ’
845 1888 888 1926 ἐν
908 1888 1027 1937 φρεσὶ
1051 1886 1170 1925 θέσθε
1189 1884 1360 1925 ἕκαστος
1387 1884 1392 1934 Ι
1419 1885 1514 1924 αἰδῶ
1532 1886 1593 1924 καὶ
1612 1885 1752 1933 νέμεὺς
1768 1898 1787 1907 ··

288 1947 335 1992 δὴ
356 1947 435 1997 γὰρ
453 1943 559 1994 μέγα
579 1947 708 1984 νεῖκος
741 1943 911 1995 ὅρωρεν,’
934 1942 1136 1994 ἀνδρείους
1166 1941 1271 1980 ἔοικε
1299 1942 1428 1980 ποιεῖν
1454 1940 1549 1979 τοὺς
1578 1941 1788 1991 σώφρονας

288 2002 350 2040 διὰ
377 2003 425 2040 τὸ
454 2002 648 2039 αἰδεῖσθαι
678 1999 730 2038 τὰ
760 1999 912 2047 αἰσχρὰ
935 1998 999 2036 καὶ
1020 1998 1093 2037 τὰς
1110 1996 1256 2044 ἡδονὰς
1276 1992 1515 2045 δυναμένους
1537 1995 1790 2046 ὑπερβαίνειν

289 2056 468 2095 καὶτοὺς
501 2053 703 2095 κινδύνους
735 2055 996 2105 ὑφίστασθαι.
1055 2053 1124 2103 ἀφ’
1155 2050 1208 2090 ὧν
1236 2051 1301 2090 καὶ
1330 2048 1517 2100 Τιμόθεος
1538 2051 1721 2102 ὁρμηθεὶς
1743 2052 1787 2090 οὗ

289 2114 419 2151 κακῶς
444 2112 486 2150 ἐν
504 2113 590 2150 τοῖς
612 2111 785 2162 Πέρσαις
807 2110 900 2150 τοὺς
913 2107 1122 2156 ’Ἕλληνας
1142 2106 1361 2158 παρεκάλει

411 2199 640 2265 σέβεσθ’
668 2199 803 2252 αἰδῶ
832 2196 1093 2265 συνεργὸν
1121 2196 1317 2265 ἀρετᾶς
1346 2194 1665 2265 δοριμάχου.

347 2347 362 2372 ¹
391 2347 627 2399 according
665 2351 712 2386 to
761 2346 946 2398 Satyrus
991 2345 1082 2385 this
1121 2344 1210 2383 line
1248 2342 1334 2383 and
1375 2341 1452 2382 the
1489 2344 1582 2381 rest
1625 2340 1671 2380 of
1712 2341 1789 2381 the

290 2403 545 2441 hexameter
558 2401 740 2453 prelude
757 2414 870 2440 were
885 2400 1065 2440 written
1082 2398 1140 2451 by
1159 2397 1407 2450 Euripides,
1427 2396 1480 2436 ef.
1499 2410 1540 2449 p.
1557 2396 1637 2435 283
1651 2394 1789 2436 above

293 2458 307 2480 ²
338 2459 389 2497 σὺ
411 2456 455 2496 δέ
473 2461 514 2508 γ’
536 2457 597 2496 32?
626 2455 747 2496 Orus.
776 2455 826 2495 σύ
846 2458 883 2495 τ’
906 2457 949 2495 ἰὼ
1061 2454 1077 2478 ³
1104 2454 1239 2494 Orus:
1272 2465 1372 2492 mss.
1399 2455 1473 2491 -οΐς

348 2607 359 2631 ¹
392 2612 470 2648 not
508 2607 726 2660 certainly
755 2607 867 2647 from
911 2607 993 2646 The
1031 2607 1242 2654 Pernam,
1275 2603 1358 2643 but
1396 2602 1450 2643 cf.
1484 2601 1641 2642 Aesch.
1674 2602 1789 2641 Pers.

299 2680 393 2738 306
