1900 3072
762 538 1212 598 ΠΡΑΞΙΛΛΗΣ

923 653 1052 713 Βίος

310 763 425 812 Eus.
451 762 522 809 Ol.
542 764 618 811 82.
641 764 669 811 2
691 780 700 809 ε
739 760 963 831 Κράτης
987 759 1011 813 ὁ
1040 759 1275 826 κωμικὸς
1303 760 1395 814 καὶ
1421 759 1741 814 Τελέσιλλα

235 835 329 888 καὶ
358 836 660 903 Πράξιλλα
690 834 779 887 καὶ
809 832 1203 896 Κλεοβουλίνα
1231 832 1603 904 ἐγνωρίζοντο.

310 943 430 992 Ath.
462 945 540 993 15.
569 943 665 993 694
691 960 718 988 a
745 942 828 1010 [π.
869 940 1154 1009 σκολίων]·
1234 940 1326 994 καὶ
1363 941 1664 1010 Πράξιλλα
1699 939 1742 994 δ’

235 1018 266 1083 ἡ
319 1012 592 1071 Σικυωνία
643 1014 978 1083 ἐθαυμάζετο
1042 1013 1132 1067 ἐπὶ
1199 1017 1264 1083 τῇ
1329 1016 1436 1066 τῶν
1499 1013 1744 1067 σκολίων

236 1087 475 1154 ποιήσει.

311 1217 421 1264 Tat.
455 1216 533 1264 Or.
567 1216 648 1262 Gr.
679 1217 743 1265 33
815 1217 1147 1283 Πράξιλλαν
1172 1214 1269 1282 μὲν
1303 1213 1409 1284 1’γὰρ
1445 1214 1744 1273 Λύσιππος

239 1287 694 1362 ἐχαλκούρνγησει]
715 1287 878 1354 μηδὲν
902 1287 1169 1342 εἰποῦσαν
1191 1286 1279 1341 διὰ
1297 1291 1403 1341 τῶν
1423 1287 1743 1356 ποιημάτων

238 1362 534 1434 χρήσιμον.

609 1832 1064 1890 ΠΡΑΞΙΛΛΗΣ
1119 1835 1396 1886 ΜΕΛΩΝ

963 1969 1019 2017 Α,

863 2100 1146 2151 ΤΜΝΩΝ

804 2236 829 2282 l
905 2236 965 2284 εἷς
1000 2233 1193 2281 Ἄδωνιν

300 2339 401 2378 Zen.
431 2339 468 2377 4.
500 2338 548 2376 21
610 2337 891 2387 Ἤλιθιώτερος
920 2337 993 2375 τοῦ
1025 2333 1257 2387 Πραξίλλης
1294 2335 1518 2374 Ἀδώνιδος·
1569 2333 1633 2373 ἐπὶ
1671 2338 1754 2374 τῶν

245 2394 438 2440 ἀνοήτων.
484 2391 695 2442 Πράξιλλα
709 2391 904 2432 Σικυωνία
920 2390 1139 2441 μελοποιὸς
1157 2390 1336 2441 ἐγένετο,
1356 2390 1407 2430 ὥς
1423 2398 1524 2441 φησι
1541 2389 1752 2439 Πολέμων·

246 2450 348 2495 αὕτη
369 2450 392 2495 ἡ
417 2446 625 2497 Πράξιλλα
645 2448 718 2486 τὸν
741 2445 911 2485 ’Ἄδωνιν
932 2448 974 2486 ἐν
994 2448 1080 2485 τοῖς
1101 2443 1264 2493 “Tpcvots
1278 2444 1291 2468 ¹
1313 2443 1473 2495 εἶσάγει
1495 2445 1754 2496 ἐρωτώμενον

249 2505 322 2543 ὑπὸ
361 2507 442 2543 τῶν
481 2501 589 2541 κάτω
628 2501 670 2541 τί
709 2501 937 2541 κάλλιστον
979 2502 1213 2540 καταλιπὼν
1252 2498 1466 2549 ἐλήλυθεν,
1508 2500 1660 2539 ἐκεῖνον
1708 2498 1752 2538 δὲ

246 2557 424 2608 λέγοντα
453 2559 593 2598 οὕτως·

790 2643 802 2668 ¹
833 2657 920 2684 mss
941 2643 1032 2683 also
1051 2641 1222 2693 μέλεσιν

252 2717 307 2762 72
