1900 3072
772 196 960 242 LYRA
1009 196 1290 242 GRAECA

284 328 332 369 ἄν
352 343 416 368 σοι
437 326 603 379 παρείην
625 328 695 366 οὐκ
725 328 968 377 ευτυχοῦντι
997 326 1050 365 τὰ
1081 326 1137 366 εἷς
1167 326 1239 365 τὸν
1270 324 1533 365 θαλάττιον”
1511 342 1651 378 ερωτα·
1684 327 1781 366 ἀλλ’

285 385 364 433 ἐγω
385 399 447 421 τοι
469 385 531 422 καὶ
555 382 706 432 ἐπῳδὰς
727 381 814 421 οἶδα
834 379 897 421 καὶ
918 378 1195 431 καταδέσμους
1217 382 1321 420 καὶ’
1303 381 1493 433 ερωτικὰς
1509 380 1780 433 κατανάγκας,

284 437 345 478 αἷς
376 440 446 477 οὐκ
473 438 579 477 εἰκὸς
609 439 825 487 ἀντισχεῖν
853 435 942 475 οὐδὲ
971 438 1068 486 πρὸς
1097 436 1235 488 βραχὺ
1267 437 1341 483 τὴν
1370 437 1606 477 Γαλάτειαν.
1663 436 1786 487 μόνον

286 491 483 538 ὑπόστηθι
506 493 556 531 σὺ
586 493 663 539 τὴν
692 491 812 542 θύραν
841 491 1081 536 ἀποκινῆσαι
1105 493 1285 540 (μᾶλλον
1307 491 1348 530 δὲ
1369 492 1442 531 τὸν
1462 493 1601 543 θυρεὸν
1619 495 1782 532 τοῦτον·

288 549 371 597 ἐμοι
394 547 468 596 μὲν
491 548 568 598 γὰρ
599 548 661 586 καὶ
693 546 940 596 ἀκρωτήριον
970 545 1069 584 εἶναι
1092 544 1310 597 φαίνεται),
1334 549 1415 596 ἐγὼ
1440 546 1482 586 δὲ
1511 545 1693 600 ἐπανήξω
1721 563 1786 587 σοι

288 605 436 642 θᾶττον
466 602 489 648 ἢ
521 602 646 652 λόγος
675 603 751 649 τὴν
778 603 901 640 παῖδα
930 600 1296 652 κατεργασάμενος·
1329 601 1370 640 τί
1390 599 1502 653 λέγω
1531 601 1784 671 κατεργασά-

286 673 428 707 μενος,·
459 658 586 705 αὐτὴν
609 657 766 704 ἐκείνην
786 657 978 705 ἀποφανῶ
1010 674 1072 696 σοι
1103 659 1216 708 δεῦρο
1245 659 1422 696 πολλαῖς
1443 661 1480 697 ἴὺ
1508 662 1541 708 ξι
1562 655 1788 708 γενομένην

287 713 507 763 ἀγώγιμον·
540 714 603 752 καὶ
641 711 832 757 δεήσεταί
864 726 937 749 σου
976 712 1040 751 καὶ
1081 710 1363 757 ἀντιβολήσει·
1409 713 1461 753 σὺ
1500 713 1535 751 δ’
1564 714 1681 766 ἆκκιῇ
1723 714 1787 753 καὶ

288 767 595 820 κατειρωνεύσῃ.
640 767 740 815 ἄταρ
769 765 918 818 μεταξύ
948 766 998 813 μέ
1037 782 1076 804 τι
1116 767 1182 806 καὶ
1217 769 1404 805 τοιοῦτον
1442 767 1590 819 ἔθραξε,
1621 769 1676 815 μὴ
1707 771 1789 807 τῶν

289 823 439 863 κωδίων
463 823 482 860 5
510 822 666 872 γράσος
696 823 821 870 ἀηδης
844 821 1014 871 γένηται
1043 820 1138 874 κόρῃ
1167 822 1363 873 τρυφώσῃ
1393 824 1458 862 καὶ
1487 820 1687 875 λουομένῃ
1714 824 1789 869 τῆς

287 878 438 928 ἡμέρας
467 877 683 916 πολλάκις·
719 880 846 916 καλὸν
877 881 945 914 οὐν
976 877 1009 915 εἷ
1037 876 1171 916 πάντα
1196 875 1432 924 εὐθετήσας,
1454 876 1714 932 ἐκκορήσειάς
1742 893 1789 917 τε

288 936 351 973 καὶ
376 934 590 972 ε’κπλυνεῖς
613 933 676 971 καὶ
699 931 976 981 ἐνθυμιάσειας
997 933 1044 971 τὸ
1068 931 1283 981 δωμάτιον·
1313 931 1372 970 ἔτι
1395 933 1436 971 δὲ
1458 933 1645 981 κάλλιον,
1668 934 1704 973 εἴ
1723 933 1786 972 καὶ

287 986 515 1039 στεφάνους
536 987 864 1038 παρασκευάσαιο
881 988 1021 1025 κιττοῦ
1041 1003 1087 1025 τε
1109 989 1172 1027 καὶ
1194 987 1379 1036 μιλακος,
1402 987 1460 1030 οις
1482 988 1634 1029 σαυτόν
1653 1005 1699 1027 τε
1721 988 1785 1027 καὶ

285 1044 338 1082 τὰ
366 1044 528 1083 παιδικὰ
558 1041 792 1089 ἆναδήσαιο·
823 1043 934 1082 ἀλλὰ
958 1042 999 1081 τί
1028 1042 1270 1094 διατρίβεις,·
1299 1042 1371 1080 οὐκ
1403 1043 1605 1114 ἐγχειρεΐς
1635 1046 1712 1092 ἤδη
1738 1046 1787 1096 τῇ

288 1097 384 1151 θύρα
422 1101 431 1114 ’
461 1100 559 1150 πρὸς
580 1104 649 1138 οὐν
676 1100 807 1136 ταῦτα
837 1100 855 1136 5
887 1098 1137 1147 Πολύφημος
1155 1095 1424 1169 ἐξεκάγχασέ
1440 1116 1487 1139 τε
1507 1101 1603 1139 ὅσον
1624 1085 1791 1139 ἐδύνατο

287 1153 487 1204 μέγιστον
509 1155 572 1193 καὶ
593 1154 649 1192 τὼ
670 1155 784 1204 χεῖρε
809 1151 1019 1203 εκρότησε·
1053 1153 1115 1192 καὶ
1147 1156 1166 1192 5
1197 1153 1271 1203 μὲν
1291 1151 1514 1195 Ὀδυσσεὺς
1539 1155 1639 1206 ᾤετο
1668 1154 1792 1194 αυτὸν

291 1211 365 1247 ὑπὸ
407 1211 612 1260 χαρμονῆς
643 1210 713 1246 οὐκ
743 1207 854 1259 ἔχειν
884 1208 944 1247 ὅτι
977 1208 1106 1258 ἑαυτῷ
1134 1208 1340 1279 χρήσαιτο
1369 1210 1678 1250 κατελπίσαντα
1711 1211 1792 1248 τῶν

288 1267 480 1303 παιδικῶν
507 1263 777 1315 περιέσεσθαι.
842 1265 860 1301 5
883 1260 940 1309 δέ,
965 1263 1257 1312 ὑπογενειάσας
1278 1261 1449 1311 αυτόν,ι
1456 1264 1511 1304 Ὠ
1541 1263 1671 1311 Οὐτι,’
1697 1263 1788 1314 ἔφη,

295 1319 562 1370 “δριμύτατον
601 1319 819 1369 ἀνθρώπιον
865 1318 995 1358 ἔοικας
1040 1325 1139 1358 εἰναι
1189 1318 1251 1357 καὶ
1292 1317 1710 1388 ἐγκατατετριμμένον
1750 1320 1793 1357 ἐν

290 1373 537 1425 πράγμασιν·
569 1373 674 1412 ἄλλο
695 1372 833 1422 μέντοι
853 1390 893 1412 τι
914 1376 1123 1412 ποίκιλλε·
1157 1370 1312 1412 ἐνθένδε
1334 1374 1410 1424 γὰρ
1433 1377 1503 1414 οὐκ
1525 1372 1792 1426 ἀποδράσειςῖ

291 1431 312 1468 ὁ
350 1429 425 1478 μὲν
463 1428 533 1468 οὐν
570 1428 794 1467 Ὀδυσσεὺς
835 1429 1031 1477 (ηδικεῖτο
1075 1430 1152 1479 γὰρ
1195 1428 1339 1478 ὅντως)
1379 1429 1556 1478 ἔμελλεν
1597 1429 1672 1481 ἄρα
1717 1430 1793 1474 τῆς

290 1486 536 1536 πανουργίας
568 1483 800 1529 ὀνήσεσθαι.
877 1482 925 1523 σὲ
966 1481 1022 1530 δέ,
1059 1483 1263 1523 Κύκλωπα
1299 1482 1374 1532 μὲν
1415 1484 1513 1524 ὄντα
1549 1487 1600 1536 τῇ
1639 1486 1788 1536 τολμῇ.

293 1539 473 1589 Σίσυφον
495 1537 536 1577 δὲ
557 1541 642 1578 τοῖς
675 1537 959 1588 ἐγχειρήμασι,
986 1538 1075 1584 δίκη
1104 1542 1284 1587 μετῆλθε
1314 1538 1378 1577 καὶ
1407 1538 1527 1587 νόμος
1557 1537 1795 1590 καθεῖρξεν,ι

294 1594 347 1634 ὧν
366 1594 420 1642 μή
443 1609 542 1631 ποτε
565 1594 614 1632 σὺ
637 1592 976 1643 καταγελάσειας.
1040 1592 1074 1631 εἰ
1095 1594 1137 1633 δὲ
1160 1596 1220 1632 δεῖ
1238 1591 1396 1633 πάντως
1412 1596 1626 1645 ὑπερέχειν
1645 1611 1691 1633 τε
1712 1597 1795 1633 τῶν

294 1648 437 1699 νόμων,
475 1648 585 1687 ἀλλὰ
619 1650 673 1697 μὴ
710 1648 842 1698 ἔγωγε
874 1651 959 1694 εἵην
997 1650 1016 1686 5
1055 1647 1271 1699 παραλύων
1297 1650 1442 1688 αὐτοὺς
1474 1651 1537 1688 καὶ
1572 1650 1645 1690 τὰς
1678 1648 1795 1700 θύρας

293 1706 569 1756 καταρρηγνὺς
589 1706 663 1743 τοῦ
685 1704 746 1742 ἐπὶ
768 1708 852 1743 τοῖς
873 1703 1096 1753 δεσμώταις
1117 1704 1343 1757 οἰκήματος.
1383 1734 1389 1744 .
1426 1735 1434 1744 .
1470 1735 1479 1744 .

871 1994 933 2042 12
1005 1996 1150 2058 Σῦρος
1172 1995 1224 2056 (2)

351 2082 543 2134 Hesych.
589 2082 856 2134 μεσαύχενες·
887 2081 1183 2134 Ἀριστοφάνης
1205 2082 1321 2133 φησί·
1358 2082 1636 2135 ιμεσαυχένας
1656 2083 1797 2125 νέκυας

296 2137 511 2178 ἆ.σκούς.’2
569 2139 632 2177 διὰ
670 2141 744 2177 τοῦ
777 2137 836 2186 μ3
865 2138 1069 2187 γραπτέον
1103 2138 1359 2187 μεσαύχενες
1393 2140 1455 2178 ὅτι
1485 2139 1612 2187 μέσον
1641 2137 1796 2190 αὐχένα

297 2194 425 2232 ἀσκοῦ
462 2190 587 2242 πιέζει
633 2195 654 2233 ὃ
703 2192 1028 2243 περιεβάλλοντο
1068 2193 1263 2244 σχοινίον.
1333 2193 1537 2245 πιτιρῳδεΐ4
1574 2193 1615 2234 δὲ
1656 2195 1708 2234 τὰ
1755 2197 1798 2235 ἐν

297 2247 510 2297 Φιλοξένου
554 2247 702 2299 Σύρῳ.5
762 2248 856 2286 ἔνιοι
890 2248 931 2287 δὲ
968 2249 1030 2287 διὰ
1056 2251 1129 2287 τοῦ
1165 2250 1185 2286 δ
1210 2246 1415 2300 γράφουσι
1452 2248 1698 2298 δεσαύχενες
1732 2251 1796 2290 καὶ

304 2301 643 2356 <βυσαύχενσες>6
663 2305 707 2342 οὐ
727 2306 874 2344 καλῶς.

357 2413 372 2436 ¹
403 2412 456 2453 cf.
482 2412 544 2464 fr.
573 2414 597 2452 9
765 2412 780 2435 ²
811 2412 957 2452 Dobr:
996 2425 1061 2451 ms
1096 2412 1277 2452 ἀσώτους
1442 2413 1460 2438 ³
1490 2411 1637 2453 Dobr:
1671 2424 1739 2453 ms
1769 2429 1797 2454 σ

299 2466 317 2492 ⁸
346 2466 573 2508 Dobr.-B:
623 2480 687 2505 ms
725 2469 848 2506 αὐτοῦ
886 2465 1000 2516 πεζεῖ
1034 2466 1350 2516 παρεβάλλοντο
1387 2468 1436 2506 τὸ
1475 2482 1548 2518 σχ.
1600 2471 1803 2520 τραγωδεῖ

301 2520 326 2601 ξ)
345 2522 531 2615 ΙΞΒΒὲιςὲ.
558 2522 719 2572 Σατύρῳ
833 2522 849 2546 ⁶
880 2522 932 2570 B,
957 2521 1010 2562 ef.
1037 2521 1148 2562 Poll.
1173 2524 1211 2562 2.
1237 2523 1325 2570 136,
1350 2521 1567 2562 Xenarch.
1593 2535 1662 2575 ap.
1685 2523 1793 2565 Ath.

304 2667 397 2712 392
