1900 3072
792 221 976 267 LYRA
1027 221 1306 269 GRAECA

371 358 485 420 Lys.
515 358 595 406 21.
625 357 688 405 20
763 350 958 404 οὔκουν
999 349 1168 418 ἄξιον,
1209 350 1248 403 ὦ
1288 350 1474 422 ἄνδρες
1513 351 1791 415 δικασταί,

296 423 648 492 πειθομένους
713 423 1040 493 κατηγόροις
1103 423 1369 482 τοιούτοις
1432 425 1562 491 ἐμοῦ
1624 447 1792 478 κατα-

294 497 688 568 ψηφίσασθαι,
719 496 770 548 οἳ
795 495 921 564 περὶ
948 495 1251 560 ἀσεβείας1
1276 497 1372 563 μὲν
1408 497 1795 565 ἀγωνιζόμενοι

295 574 613 635 τηλικοῦτοι
653 568 965 637 γεγόνασιν,
1003 569 1102 622 οὐκ
1143 569 1208 622 ἂν
1248 568 1534 635 δυνάμενοι
1574 570 1619 622 δ’
1655 570 1793 641 ὑπὲρ

295 647 402 695 τῶν
479 644 761 713 σφετέρων
836 642 1245 710 ἁμαρτηματων
1315 642 1793 710 ἀπολογήσασθαι

296 715 490 785 ἑτέρων
540 718 865 785 κατηγορεῖν
909 718 1178 782 τολμῶσι.
1257 714 1351 767 καὶ
1404 715 1475 768 ὧν
1523 713 1794 781 Κινησίας

293 789 434 841 οὕτω
465 787 797 856 διακείμενος
827 785 1051 843 πλείους
1084 786 1378 855 στρατείας
1414 788 1792 858 ἐστράτευται,

293 860 444 913 οὗτοι
474 861 597 931 περὶ
627 863 732 914 τῶν
762 865 856 927 τῆς
884 858 1098 916 πόλεως
1126 861 1521 927 ἀγανακτοῦσι.

367 976 454 1024 Ar.
484 975 608 1023 Nnb.
638 976 762 1023 332:

295 1063 411 1116 ΣΩ.
489 1064 550 1117 οὐ
589 1063 697 1133 γὰρ
733 1063 810 1131 μὰ
850 1061 933 1115 Δί’
962 1062 1105 1115 οἶσθ’
1135 1060 1253 1129 ὁτιὴ
1294 1061 1594 1119 πλείστους
1630 1062 1794 1117 αὗται

620 1135 901 1198 βόσκουσι
930 1136 1225 1205 σοφιστάς,

489 1208 912 1279 θουριομάντεις,
978 1206 1356 1279 ἰατροτέχνας,
1422 1208 1791 1278 σφραγιδονυ-

618 1280 1059 1372 χαργοκομήτας,

488 1354 729 1407 κυκλίων
763 1377 820 1407 τε
854 1357 1037 1424 χορῶν
1064 1352 1563 1425 α’σματοκάμπτας,
1593 1352 1795 1424 ἄνδρας

619 1426 1124 1497 μετεωροφένακας

490 1499 641 1553 οὐδὲν
670 1499 911 1569 δρῶντας
937 1498 1212 1565 βόσκουσ’
1242 1498 1458 1569 ἀργούς,
1477 1498 1563 1553 ὅτι
1591 1497 1795 1557 ταύτας

619 1576 1073 1641 μουσοποιοῦσιν.

368 1695 484 1743 Sch
525 1695 586 1741 ad
624 1695 708 1742 loc.
807 1686 1049 1740 κυκλίων
1092 1708 1165 1739 τε·
1212 1686 1514 1740 αἰνίττεται
1553 1685 1628 1744 εἰς
1673 1709 1798 1744 τους

294 1762 423 1832 περὶ
461 1761 734 1826 Κινησίαν
774 1760 867 1813 καὶ
902 1758 1199 1827 Φιλόξενον
1234 1759 1326 1812 καὶ
1363 1758 1665 1827 Κλεομένη,
1702 1760 1796 1813 καὶ

293 1835 520 1893 τούτους
564 1833 698 1888 εἶναι
745 1837 852 1886 τῶν
893 1834 1182 1903 σοφιστῶν
1215 1830 1502 1896 βούλεται·
1548 1831 1699 1901 λέγει
1739 1831 1795 1885 δὲ

295 1908 419 1965 τοὺς
461 1905 988 1977 διθυραμβοποιούς·
1037 1907 1143 1957 τῶν
1183 1903 1289 1973 γὰρ
1330 1902 1571 1957 κυκλίων
1612 1907 1795 1996 χορῶν

295 2004 442 2048 ησαν
471 1980 620 2033 οὗτοι
655 1979 1004 2032 διδάσκαλοι.
1084 1977 1572 2049 α’σματοκάμπτας
1610 1976 1740 2038 δέ,”’
1710 2001 1795 2032 οτι

297 2053 387 2107 διὰ
433 2052 494 2106 τὸ
541 2052 774 2125 ἁρμονία
815 2075 888 2120 μη
937 2049 1272 2140 ὑπρπίπτειν
1315 2049 1497 2103 αὐτῶν
1541 2048 1609 2102 τὰ
1662 2072 1795 2118 συγ-

295 2127 612 2249 γράμματα,
690 2122 918 2193 καμπὰς
994 2122 1192 2194 ἔχουσι
1273 2120 1539 2180 πλείονας
1581 2163 1592 2174 .
1636 2163 1647 2176 .
1691 2163 1703 2175 .
1745 2122 1797 2176 οἰ

297 2198 531 2252 παλαιοὶ
575 2195 880 2268 διαφθορὰν
920 2200 1188 2262 μουσικῆς
1228 2195 1461 2262 ἡγοῦντο
1499 2194 1634 2248 εἶναι
1674 2193 1800 2253 τοὺς

295 2271 693 2341 διθυράμβους,
721 2269 814 2322 καὶ
850 2266 1138 2338 προελθὼν
1175 2267 1356 2320 αὐτῶν
1381 2271 1600 2335 μᾶλλον
1627 2267 1796 2320 καθά·

300 2350 482 2415 ψεται
514 2344 681 2409 [969].
687 2340 1261 2433 -ᾀσματοκάμπτας·
1303 2339 1428 2396 τοὺς
1467 2338 1799 2408 διθυραμβο-

294 2416 499 2475 ποιούς,
528 2416 646 2468 ἐπεὶ
674 2413 897 2483 καμπὰς
925 2411 1021 2468 τὰς
1049 2410 1316 2481 περιῳδὰς
1343 2411 1593 2480 λέγουσι.

832 2567 847 2593 ¹
877 2567 1002 2607 Blass
1022 2566 1264 2618 ἀστρατείας

298 2683 393 2732 250
