1900 3072
823 552 1325 603 ΒΑΚΧΤΛΙΔΟΤ

1007 663 1132 722 Βίος

387 774 484 823 Str.
514 775 591 822 10.
620 774 732 822 486.
761 774 788 819 6
852 767 1001 825 Κέως
1030 767 1084 820 δὲ
1113 769 1442 838 τετράπολις
1469 769 1566 832 μὲν
1594 770 1816 838 ὑπῆρξε,

317 841 605 895 λείπονται
634 840 688 894 δὲ
729 840 837 901 δύο,
869 842 898 907 ἥ
928 864 986 894 τε
1020 842 1219 898 Ἰουλὶς
1247 841 1339 895 καὶ
1379 844 1410 908 ἡ
1442 841 1716 911 Καρθαία,
1745 842 1818 900 εἰς

318 915 380 972 ἃς
426 912 923 978 συνεπολίσθησαν
964 914 1021 966 αἱ
1060 912 1273 974 λοιπαί,
1313 916 1344 981 ἡ
1384 915 1481 981 μὲν
1526 914 1820 982 Ποιήεσσα

318 988 390 1045 εἰς
419 1010 515 1054 την
545 985 837 1054 Καρθαίαν
874 988 904 1051 ἡ
945 986 1000 1039 δὲ
1038 986 1291 1071 Κορησία
1325 986 1398 1043 εἰς
1431 985 1527 1054 τὴν
1556 986 1815 1042 Ἰουλίδα.

316 1061 374 1112 ἐκ
406 1059 460 1112 δὲ
488 1066 583 1129 τῆς
612 1059 935 1117 Ἰουλίδος”’
906 1082 932 1112 ο
963 1081 1021 1112 τε
1050 1056 1407 1127 Σιμωνίδης’ὃ
1379 1083 1441 1126 ην
1468 1059 1494 1113 ὁ
1523 1060 1818 1127 μελοποιὸς

317 1133 411 1186 καὶ
467 1131 819 1203 Βακχυλίδης
871 1131 1198 1199 ἀδελφιδοῦς
1251 1132 1475 1194 ἐκείνου,
1527 1132 1621 1186 καὶ
1681 1133 1819 1202 μετὰ

317 1210 493 1259 ταῦτα
534 1204 974 1275 Ερασίστρατος
1029 1203 1053 1257 6
1109 1204 1292 1275 ἰατρὸς
1335 1205 1426 1258 καὶ
1469 1208 1575 1258 τῶν
1619 1207 1678 1258 ἐκ
1722 1209 1818 1259 τοῦ

316 1279 625 1347 περιπάτου
660 1276 992 1348 φιλοσόφων
1019 1277 1300 1348 Ἀρίστων
1344 1320 1356 1331 .
1401 1322 1409 1330 .
1455 1320 1466 1331 .
1485 1279 1661 1367 παρὰ
1698 1277 1817 1332 τού-

316 1374 440 1408 τους
470 1351 523 1404 δὲ
553 1350 700 1404 δοκεῖ
725 1349 948 1418 τεθῆναί
973 1373 1110 1404 ποτε
1137 1350 1313 1417 νόμος,
1342 1350 1405 1404 οὗ
1429 1373 1696 1419 μεμνηται
1725 1351 1819 1405 καὶ

316 1425 649 1496 Μένανδρος·

461 1517 633 1571 καλὸν
661 1516 722 1570 τὸ
754 1516 929 1570 Κείων
957 1515 1182 1585 νόμιμόν
1209 1518 1346 1576 ἐστι,
1374 1515 1574 1570 Φανία·

462 1590 488 1644 ὁ
515 1591 589 1659 μὴ
618 1590 908 1658 δυνάμενος
939 1591 1031 1660 ζῆν
1058 1593 1247 1646 καλῶς
1275 1590 1337 1642 οὐ
1367 1591 1427 1659 ζῇ
1455 1593 1647 1648 κακῶς.

317 1684 663 1755 προσέταττε
701 1683 824 1752 Γγάρ,
866 1685 934 1740 ὡς
986 1682 1172 1742 ἔοικεν,
1222 1681 1247 1735 ὁ
1295 1680 1453 1750 νόμος
1506 1683 1629 1739 τοὺς
1680 1682 1818 1753 ὑπὲρ

316 1758 626 1826 ἑξήκοντα”
599 1780 692 1823 ετη
720 1755 1013 1848 «γεγονότας
1042 1756 1432 1821 κωνειάζεσθαι
1460 1759 1556 1809 τοῦ
1578 1754 1820 1826 διαρκεῖν

315 1835 426 1889 τοῖς
455 1830 651 1887 ἄλλοις
679 1828 776 1896 τὴν
805 1828 1028 1898 τροφήν.

386 1925 514 1971 Plut.
546 1924 665 1971 Exil.
697 1927 758 1974 14
816 1921 909 1974 καὶ
935 1921 1040 1991 (γὰρ
1069 1925 1180 1978 τοῖς
1207 1925 1489 1981 παλαιοῖς,
1528 1922 1597 1979 ὡς
1626 1921 1816 1983 ἔοικεν,

315 1992 372 2045 αἱ
418 1996 648 2045 λΙοῦσαι
689 1993 756 2045 τὰ
799 1994 1086 2047 κάλλιστα
1133 1998 1239 2047 τῶν
1285 1996 1686 2062 συνταγμάτων
1724 1995 1817 2048 καὶ

316 2065 666 2132 δοκιμώτατα
722 2066 904 2136 φυγὴν
963 2069 1252 2128 λαβοῦσαι
1315 2066 1580 2137 σύνερΎον
1634 2066 1815 2120 ἐπετέ-

314 2146 504 2191 λεσαν.
608 2137 947 2205 Θουκυδίδης
998 2139 1294 2204 Ἀθηναῖος
1346 2138 1672 2208 συνέγραψε
1723 2139 1817 2193 τὸν

315 2209 561 2278 πόλεμον
606 2214 714 2264 τῶν
762 2211 1232 2278 Πελοποννησίων
1277 2211 1370 2264 καὶ
1412 2210 1723 2277 Ἀθηναίων
1763 2212 1817 2265 ἐν

315 2284 508 2353 Θράκῃ
551 2284 676 2352 περὶ
732 2284 830 2349 τὴν
872 2281 1138 2352 Σκαπτὴν
1176 2284 1374 2350 “Τλην·
1445 2285 1708 2354 Ξενοφῶν
1758 2285 1813 2337 ἐν

316 2354 648 2414 Σκιλλοῦντι
701 2363 794 2426 τῆς
849 2356 1092 2414 Ἠλείας·
1154 2400 1164 2410 .
1228 2400 1238 2410 .
1302 2400 1311 2409 .
1371 2355 1726 2427 Βακχυλίδης
1787 2355 1813 2409 ὁ

315 2427 543 2494 ποιητὴς
581 2432 633 2481 ἐν
675 2431 1107 2500 Πελοποννήσῳ.

382 2522 495 2568 Eus.
547 2521 617 2568 Ol.
663 2524 741 2570 78.
779 2526 807 2572 3
881 2523 1210 2586 Bacchylides
1251 2530 1304 2570 et
1347 2523 1592 2586 Diagoras
1633 2522 1815 2570 atheus

312 2590 528 2652 plurimo
554 2606 783 2637 sermone
809 2591 1143 2638 celebrantur.

314 2672 377 2718 80
