1900 3072
791 229 975 277 LYRA
1027 229 1307 277 GRAECA

298 359 460 433 ᾄδειν.
505 400 516 412 .
561 400 571 412 .
613 401 623 413 .
666 359 750 413 ὅτι
802 361 900 412 οὐκ
955 359 1066 413 ἀπὸ
1112 363 1208 412 τοῦ
1255 360 1377 427 ἑξῆς
1423 361 1454 427 ἡ
1500 359 1645 431 λύρα
1690 364 1802 419 τοῖς

477 437 488 454 Ι
653 441 664 458 3
706 440 716 456 1
904 440 915 457 9
1006 438 1018 455 9
1054 441 1065 459 2
1241 440 1253 458 t
1389 439 1404 460 x
1483 439 1497 460 N
1748 439 1762 461 Χ

301 461 613 507 συμπόταις
641 439 865 500 εδιδοτο,
888 447 1005 491 αλλ
1041 442 1303 508 εναλλαξ,
1325 440 1413 493 δια
1442 462 1539 507 την
1569 449 1803 493 σκολιαν

301 522 396 583 τῆς
424 518 594 587 λύρας
621 518 928 589 περιφορὰν
956 518 1160 572 σκολιὰ
1188 519 1420 589 ε’λέΎετο.

302 676 387 722 Ar.
424 675 556 739 Vesp.
601 677 742 725 1216.
817 679 1256 724 BAEATKAEQN
1291 678 1367 725 καὶ
1405 679 1798 725 ΦΙΛΟΚΛΕΩΝ.

303 779 413 830 ΒΔ.
451 778 592 845 ὕδωρ
620 777 764 832 κατὰ
790 778 989 848 χειρός·
1022 778 1117 836 τὰς
1145 778 1416 847 τραπέζας
1441 779 1729 849 εἰσφέρειν·

449 856 786 926 δειπνοῦμεν·
832 857 1233 926 ἀπονενίμμεθ’·
1282 858 1382 924 ἤδη
1411 858 1731 927 σπένδομεν.

305 939 399 989 ΦΙ.
449 937 585 1005 πρὸς
613 942 718 991 τῶν
747 939 898 999 θεῶν,
928 937 1179 992 ἐνύπνιον
1207 938 1515 1006 ἑστιώμεθα
1539 962 1555 1000 ;

308 1020 414 1070 ΒΔ.
455 1018 719 1087 αὐλητρὶς
750 1018 1105 1088 ἐνεφύσησεν·
1144 1018 1194 1071 οἱ
1223 1018 1278 1071 δὲ
1306 1017 1591 1085 συμπόται

308 1111 411 1149 1221
454 1098 593 1152 εἰσὶν
623 1099 855 1169 Θέωρος,
887 1099 1175 1170 Αἰσχίνης,
1206 1100 1402 1159 Φανός,
1434 1099 1645 1159 Κλέων,

451 1177 596 1243 ξένος
624 1202 706 1236 τις
727 1180 904 1246 ἕτερος
924 1178 1060 1249 πρὸς
1087 1184 1336 1249 κεφαλῆς
1360 1177 1713 1248 Ἀκέστορος.

453 1257 665 1316 τούτοις
692 1258 863 1325 ξυνὼν
889 1259 956 1311 τὰ
987 1257 1167 1311 σκόλι’
1195 1258 1342 1315 ὅπως
1370 1259 1508 1327 δέξει
1534 1261 1735 1315 καλῶς.

308 1339 407 1391 ΦΙ.
454 1336 656 1404 ἄληθες
681 1361 700 1403 ,·
742 1341 810 1397 ὡς
837 1338 1008 1396 οὐδεὶς
1037 1337 1313 1409 Διακρίων
1340 1338 1566 1404 δέξεται.

309 1426 417 1476 ΒΔ.
456 1419 561 1485 ἐγὼ
589 1421 826 1487 εἴσομαι·
866 1418 962 1471 καὶ
990 1417 1052 1485 δὴ
1079 1419 1187 1487 γάρ
1216 1416 1316 1487 εἰμ’
1344 1418 1449 1486 ε’«γὼ
1478 1416 1688 1481 Κλέων,

312 1516 418 1555 1225
458 1501 570 1576 ᾄδω
601 1499 656 1553 δὲ
683 1501 900 1569 πρῶτος
923 1497 1237 1569 (Αρμοδίοιν
1277 1497 1426 1564 δέξαι
1455 1497 1510 1551 δὲ
1538 1497 1626 1552 σύ.

529 1579 721 1636 Οὐδεὶς
749 1578 964 1632 πώποτ’
994 1578 1130 1649 ἀνὴρ
1159 1577 1328 1646 ἔγεντ’
1354 1577 1613 1645 Ἀθήναις

312 1665 411 1715 ΦΙ.
540 1660 645 1731 οὐχ
721 1659 865 1711 οὕτω
949 1680 1011 1726 (γε
1093 1661 1404 1726 πανοῦργος
1473 1658 1593 1714 <ὡς
1667 1654 1813 1710 σὺ>1

675 1738 936 1804 κλέπτης.

313 1825 426 1876 ΒΔ.
465 1820 619 1874 τουτὶ
649 1818 720 1872 σὺ
749 1817 968 1889 δράσεις
990 1840 1008 1880 ,·
1050 1821 1373 1887 παραπολεῖ
1396 1816 1694 1884 βοώμενος·

459 1900 627 1970 φήσει
654 1897 761 1968 «γὰρ
789 1899 997 1963 ἐξολεῖν
1025 1919 1090 1950 σε
1116 1897 1207 1950 καὶ
1237 1896 1549 1967 διαφθερεῖν

316 1993 422 2033 1230
463 1980 554 2033 καὶ
593 1978 761 2046 τῆσδε
804 1984 897 2045 τῆς
933 1982 1030 2046 γῆς
1068 1978 1275 2043 ἐξελᾶν.
1355 1979 1452 2030 ΦΙ.
1496 1975 1600 2045 ἐγὼ
1636 1975 1693 2029 δέ
1717 1997 1780 2043 ’γε

459 2059 552 2113 ἐὰν
580 2060 802 2128 ἀπειλη,
833 2058 893 2122 νὴ
923 2056 1024 2117 Δί’,
1056 2057 1236 2126 ἕτερον
1261 2054 1485 2130 (ἔσομαι.

492 2142 543 2191 Ω
594 2138 815 2209 ’νθρωφ’
867 2137 1024 2194 οὗτος
1085 2135 1109 2189 ὁ
1161 2135 1482 2205 μαινόμενος
1551 2134 1612 2189 τὸ
1678 2134 1819 2204 μένγα

751 2218 949 2286 κράτος

321 2336 427 2376 1235
469 2322 760 2393 ἀντρέψεις
788 2320 866 2374 ἔτι
894 2320 992 2373 τὰν
1021 2319 1205 2373 πόλιν·
1236 2318 1270 2369 ἁ
1298 2317 1341 2370 δ’
1368 2320 1558 2390 ἔχεται
1577 2317 1766 2387 ῥοπᾶς.

321 2443 429 2492 ΒΔ.
469 2440 527 2492 τί
576 2437 618 2491 δ’
662 2439 794 2492 ὅταν
856 2436 1071 2508 Θέωρος
1131 2435 1267 2506 πρὸς
1322 2435 1506 2489 ποδῶν
1569 2434 1821 2488 κατακεί-

753 2540 910 2585 μενος

467 2597 571 2670 ᾄδῃ
603 2595 855 2653 Κλέωνος
881 2594 1193 2663 λαβόμενος
1220 2598 1314 2662 τῆς
1343 2592 1538 2659 δεξιᾶς·

324 2699 419 2746 554
