1900 3072
788 221 973 268 LYRA
1023 221 1302 268 GRAECA

370 351 500 398 Plut.
527 350 655 398 Mus.
686 352 714 398 9
749 353 845 415 τῆς
873 349 1121 419 δευτέρας
1150 349 1205 403 δὲ
1233 350 1659 417 (καταστάσεως
1687 355 1792 404 τῶν

297 423 420 493 περὶ
449 422 547 489 τὴν
573 421 844 489 μουσικὴν
884 423 936 475 ἐν
977 426 1043 492 τῇ
1084 419 1337 492 Σπάρτῃ)
1379 423 1681 515 Θαλήτας
1669 446 1728 477 τε
1764 421 1790 477 6

297 498 586 567 Γορτύνιος
627 496 722 548 καὶ
763 494 1072 562 Ξενόδαμος
1119 494 1144 548 6
1187 496 1462 565 Κυθήριος
1501 496 1593 549 καὶ
1633 494 1794 552 Ξενό-

296 591 477 639 κριτος
515 568 539 620 6
576 567 786 633 Λοκρὸς
815 568 907 620 καὶ
948 566 1403 635 Πολύμνηστος
1379 591 1404 621 ο
1435 568 1791 636 Κολοφώνιος

297 642 385 694 καὶ
427 639 734 697 Σακάδας’
711 663 736 693 ο
771 640 1020 710 Ἀργεῖος
1059 641 1311 704 μάλιστα
1352 639 1534 694 αἰτίαν
1571 641 1793 711 ἔχουσιν

295 713 549 782 ἡγεμόνες
575 712 834 781 «γενέσθαι
876 754 886 765 .
932 754 942 765 .
985 754 996 766 .
1038 713 1182 779 ἦσαν
1223 711 1322 766 δ’ὁ
1359 714 1484 783 περὶ
1525 713 1794 782 Θαλήταν

295 809 352 840 τε
380 787 470 840 καὶ
501 785 817 851 Ξενόδαμον
855 786 948 838 καὶ
990 784 1319 854 Ξενόκριτον
1358 786 1587 852 ποιηταὶ
1626 786 1792 839 παιά-

296 883 400 913 νων
442 900 452 912 .
512 900 522 912 .
580 900 589 911 .
647 859 815 911 ἄλλοι
880 857 935 910 δὲ
1003 856 1317 926 Ξενόδαμον
1382 859 1795 930 ὑπορχημάτων

295 931 530 998 ποιητὴν
557 953 833 999 *γεγονεναι
860 930 1005 1000 φασὶ
1032 931 1125 984 καὶ
1154 932 1215 983 οὐ
1244 931 1510 992 παιάνων,
1540 932 1794 1002 καθάπερ

296 1004 595 1076 Πρατίνας·
638 1004 731 1057 καὶ
770 1004 938 1056 αὐτοῦ
979 1003 1034 1056 δὲ
1074 1007 1172 1056 τοῦ
1202 1003 1575 1071 Ξενοδάμου’
1548 1027 1793 1073 απομνη-

293 1077 577 1146 μονεύεται
609 1075 775 1167 ᾀσμα,
805 1076 833 1129 ὅ
861 1078 981 1129 ἐστι
1010 1079 1252 1146 φανερῶς
1282 1075 1600 1149 ὑπόρχημα.
1667 1078 1794 1148 περὶ

297 1150 353 1203 δὲ
404 1150 751 1219 Ξενοκρίτου,
797 1149 852 1207 ὃς
902 1149 966 1216 ἢν
1021 1148 1082 1202 τὸ
1139 1149 1292 1216 τγένος
1348 1150 1408 1201 ἐκ
1462 1153 1690 1220 Λοκρῶν
1739 1152 1793 1204 ἐν

293 1222 528 1296 Ἰταλία,
604 1223 1045 1313 ἀμφισβητεῖται
1123 1222 1169 1274 εἰ
1242 1222 1492 1275 παιάνων
1566 1221 1796 1290 ποιητὴς

295 1295 532 1364 ὙέὙονεν·
577 1294 812 1366 ἡρωϊκὰς
837 1293 943 1365 Γγὰρ
975 1294 1262 1352 ὑποθέσεις
1289 1295 1612 1363 ποιημάτων
1639 1294 1794 1386 ἐχόν-

295 1369 440 1423 των1
483 1367 719 1434 ποιητὴν
771 1366 1050 1435 γεγονέναι
1095 1367 1271 1438 φασὶν
1323 1367 1505 1421 αὐτόν·
1565 1367 1646 1421 διὸ
1701 1367 1794 1421 καί

297 1464 447 1499 τινας
491 1440 865 1509 διθυράμβους
905 1444 1096 1493 καλεῖν
1141 1441 1312 1494 αὐτοῦ
1356 1440 1425 1493 τὰ
1469 1440 1797 1508 ποιήματα.2

295 1514 679 1586 πρεσβύτερον
738 1512 793 1565 δὲ
857 1514 922 1582 τῇ
983 1512 1174 1586 ἡλικία
1233 1513 1405 1583 φησὶν
1463 1512 1490 1566 6
1544 1517 1795 1571 Γλαῦκος

297 1588 641 1654 Θαληταν-
593 1585 925 1657 ,Ξενόκριτον
950 1586 1245 1654 γεγονέναι.

367 1675 495 1722 Plut
537 1674 663 1721 filus.
695 1676 722 1724 6
801 1676 1123 1725 τελευταῖον
1162 1672 1217 1725 δὲ
1259 1671 1620 1742 Περίκλειτόν
1650 1678 1794 1744 φασι

295 1744 598 1815 κιθαρῳδὸν
644 1749 867 1812 νικῆσαι
919 1747 972 1798 ἐν
1017 1744 1388 1812 Λακεδαίμονι
1435 1745 1688 1815 Κάρνεια,
1733 1745 1793 1798 τὸ

295 1817 447 1885 *γένος
492 1818 623 1870 ὄντα
669 1818 933 1881 Λέσβιον·
995 1817 1191 1870 τούτου
1237 1816 1293 1870 δὲ
1340 1819 1790 1885 τελευτήσαντος,

294 1890 451 1948 τέλος
472 1892 674 1953 λαβεῖν
709 1889 975 1954 Λεσβίοις
1013 1889 1074 1943 τὸ
1115 1889 1344 1961 συνεχὲς
1382 1895 1476 1958 τῆς
1515 1890 1659 1943 κατὰ
1698 1890 1797 1958 τὴν

295 1962 627 2033 κιθαρῳδίαν
669 1962 945 2034 διαδοχης.
1021 1962 1151 2016 ἔνιοι
1179 1962 1235 2015 δὲ
1261 1963 1612 2031 πλανώμενοι
1651 1963 1794 2031 νομί-

297 2037 452 2101 ζουσι
487 2034 631 2088 κατὰ
672 2035 764 2088 τὸν
802 2035 968 2089 αὐτὸν
1007 2034 1205 2107 χρόνον
1233 2035 1564 2106 Τερπάνδρῳ
1589 2034 1792 2089 Ἱππώ-

296 2131 471 2162 νακτα
524 2130 818 2176 ὙεὙονεναι·
875 2106 1131 2179 φαίνεται
1183 2107 1228 2160 δ’
1269 2107 1648 2166 Ἱππώνακτος
1701 2109 1794 2162 καὶ

295 2180 652 2251 Περίκλειτος
694 2181 764 2234 ὢν
804 2181 1200 2251 πρεσβύτερος.

295 2305 421 2374 περὶ
449 2301 691 2361 ΜΤΙΑΣ

368 2402 502 2450 Suid.
544 2404 718 2454 Μυῖα·
761 2401 1116 2472 Σπαρτιᾶτις,
1146 2401 1422 2472 ποιήτρια.
1498 2402 1694 2470 ὕμνους
1720 2401 1793 2458 εἰς

295 2471 637 2527 Ἀπόλλωνα
664 2474 756 2527 καὶ
773 2474 1055 2541 Ἀ.ρτεμιν

353 2571 366 2595 ¹
396 2583 484 2639 rlnss
514 2571 694 2622 ἡρωϊκῶν
710 2587 749 2622 γ.
779 2569 1006 2612 ὑποθέσεων
1026 2570 1245 2623 πράγματα
1267 2573 1452 2622 ἐχουσῶν
1568 2569 1585 2594 ²
1613 2583 1700 2610 mss
1719 2570 1792 2612 τὰς

297 2627 503 2665 ὑποθεσεις

296 2685 394 2740 4ῐ6
