1900 3072
846 237 1032 284 LYRA
1083 237 1363 284 GRAECA

353 364 659 456 κουριδία
629 390 662 433 η
690 365 735 418 εἰ
762 369 923 419 τοῦτο
949 365 1023 434 μὴ
1052 365 1296 428 δυνατόν,
1327 367 1730 434 ἀπαλλαγῆναι
1756 370 1854 420 τοῦ

351 437 516 499 βίου]
594 440 647 491 ἐν
689 438 743 491 δὲ
782 441 907 495 Τοῖς
949 437 1092 491 κατὰ
1133 441 1325 510 βραχὺ
1362 439 1784 506 ’Ὑπομνήμασιν
1824 438 1850 492 ὁ

349 509 733 581 Ἀριστόξενος
812 514 848 540 ‘
849 510 1121 579 Ἰφικλος’
1197 512 1370 582 φησὶν
1445 510 1852 583 “Apvraxzjxvv

350 585 683 653 ἐρασθεῖσαν
715 583 1004 654 ὑπερεῖδεν.
1082 586 1112 651 ἡ
1145 583 1200 637 δὲ
1226 584 1499 638 ἀπέθανεν
1524 585 1618 638 καὶ
1644 584 1853 653 γίνεται

349 657 434 708 ἐπ’
463 658 601 727 αὐτῇ
642 656 931 726 παρθένοις
969 657 1117 723 ἀγὼν
1158 656 1310 728 ᾠδῆς,
1341 680 1459 723 ητις
1483 657 1850 747 Ἀρπαλύκη’

349 731 492 796 φησὶ
546 729 868 784 ’καλεῖταιῖ
970 730 1192 800 Νύμφις
1239 729 1294 783 δὲ
1346 731 1401 783 ἐν
1451 732 1650 802 πρώτῳ
1713 731 1849 802 Περὶ

348 801 683 893 τῌρακλείας
711 803 834 872 περὶ
859 802 1261 873 Μαοιανδυνῶν
1284 786 1632 872 διηγούμενός
1658 809 1848 875 φησιν·

352 885 365 903 ‘
386 874 621 944 Ομοίως
655 875 709 928 δὲ
736 876 830 929 καὶ
864 878 970 928 τῶν
998 875 1149 929 ω’δῶν
1182 875 1326 933 ἐνίας
1362 876 1754 943 κατανοήσειεν
1781 877 1846 930 ἄν

350 971 448 1010 τις,
487 948 548 1006 ἂς
584 951 776 1003 ἐκεῖνοι
823 949 968 1002 κατά
1012 972 1136 1002 τινα
1179 949 1681 1020 ἐπιχωριαζομένην
1719 947 1848 1018 παρ’

349 1022 534 1078 αὐτοῖς
557 1020 944 1092 <ἑορτὴν>1
929 1021 1145 1078 ἅδοντες
1165 1021 1582 1075 ἀνακαλοῦνταί
1601 1045 1723 1076 τινα
1742 1026 1850 1076 τῶν

347 1094 610 1166 ἀρχαίων,
659 1095 1161 1164 προσαγορεύοντες
1214 1095 1483 1163 Βῶρμον.2
1558 1099 1752 1149 τοῦτον
1791 1095 1846 1148 δὲ

347 1167 609 1235 λέγουσιν
661 1167 773 1220 υἱὸν
807 1166 1086 1259 γενέσθαι
1139 1167 1330 1237 ἀνδρὸς
1390 1170 1693 1236 ἐπιφανοῦς
1755 1168 1850 1221 καὶ

352 1240 647 1301 πλουσίου,
686 1245 761 1293 τῶ
801 1239 855 1293 δὲ
892 1240 1092 1293 κάλλει
1134 1240 1226 1293 καὶ
1268 1245 1334 1310 τῇ
1375 1239 1518 1294 κατὰ
1545 1240 1645 1307 τὴν
1670 1241 1849 1309 ἀκμὴν

351 1313 464 1387 ὥρα
504 1313 654 1366 πολυ
705 1316 812 1365 τῶν
854 1312 1044 1366 ἄλλων
1091 1312 1396 1381 διενεγκεῖν·
1453 1313 1512 1366 ὃν
1559 1316 1848 1384 ἐφεστῶτα

351 1386 527 1456 ἔργοις
552 1385 704 1442 ἰδίοις
725 1400 820 1439 και
837 1385 1180 1454 βουλόμενον
1198 1389 1308 1443 τοῖς
1331 1385 1637 1456 θερίζουσιν
1664 1387 1849 1440 δοῦναι

351 1463 498 1512 πιεῖν
541 1458 847 1524 βαδίζοντα
891 1457 972 1528 ἐφ’
1016 1460 1158 1529 ὕδωρ
1204 1459 1594 1529 ἀφανισθῆναι.
1674 1462 1850 1527 ζητεῖν

349 1532 442 1585 οὖν
474 1532 641 1585 αὐτὸν
680 1532 803 1590 τοὺς
839 1532 951 1585 ἀπὸ
991 1537 1086 1599 τῆς
1121 1534 1307 1603 χώρας
1344 1532 1483 1599 μετά
1516 1554 1659 1590 τινος
1691 1555 1846 1601 μεμε-

347 1604 666 1674 λῳδημένου
694 1605 894 1692 θρηνου
920 1605 1015 1658 καὶ
1052 1605 1425 1673 ἀνακλήσεως,
1454 1604 1496 1676 ᾦ
1531 1605 1621 1658 καὶ
1651 1609 1743 1658 νῦν
1770 1604 1850 1658 ἔτι

351 1679 550 1736 πάντες
595 1700 866 1768 χρωμένοι
908 1677 1245 1732 διατελοῦσι.
1339 1682 1582 1735 τοιοῦτος
1634 1676 1677 1731 δ’
1729 1677 1851 1732 ἐστὶ

351 1751 446 1804 καὶ
477 1750 501 1804 6
531 1774 646 1820 παρ
649 1750 1012 1818 Ἀἰγυπτιοις
1040 1751 1376 1819 καλούμενος
1404 1748 1704 1822 Μανέρωςῖ

421 1855 540 1902 Poll.
572 1857 614 1904 4.
645 1857 707 1905 53
750 1851 833 1920 [π.
864 1850 1286 1919 ποιημάτων]·.
1320 1893 1329 1904 .
1362 1851 1554 1910 ὶουλοι,
1597 1849 1848 1919 οὐλαμοί,

351 1925 624 1992 ου’πιγγοι,
646 1922 814 1985 λίνος,
842 1924 1130 1992 ἐπιμύλιος
1160 1923 1288 1995 ᾠδή,
1319 1924 1496 1988 ἱμαῖος
1525 1923 1616 1976 καὶ
1643 1923 1848 1992 ι’μαλίς,

350 1995 376 2049 ὁ
420 1997 474 2049 δὲ
519 1996 664 2050 ἄδων
707 1996 965 2065 ιμαοιδός.
1058 1997 1301 2067 βώριμος
1347 1996 1402 2049 δὲ
1445 1995 1850 2066 Μαριανδύνων

347 2073 600 2137 γεωργῶν
665 2069 837 2142 ἆσμα,
915 2072 984 2128 ὡς
1053 2068 1378 2137 Αἰγυπτίων
1448 2068 1690 2139 μανέρως
1754 2073 1848 2122 καὶ

347 2145 646 2212 λιτυέρσας
721 2145 971 2213 Φρυγῶν.
1075 2141 1204 2194 ἀλλ’
1263 2142 1592 2208 Αἰγυπτίοις
1652 2141 1749 2210 μὲν
1821 2140 1847 2195 ὁ

350 2216 616 2282 Μανέρως
679 2214 947 2285 γεωργίας
1007 2214 1240 2285 εὑρετης,
1303 2217 1526 2279 μουσῶν
1582 2214 1847 2281 μαθητής,

350 2287 658 2358 Λιτυέρσας
705 2287 760 2341 δὲ
802 2287 1021 2358 Φρυξίν·
1064 2287 1115 2341 οἱ
1156 2286 1200 2339 δ’
1243 2286 1408 2340 αὐτὸν
1449 2285 1629 2339 ΝΙίδου
1675 2287 1847 2340 παῖδα

348 2359 485 2414 εἶναι
511 2360 787 2427 λέγουσιν,
819 2363 886 2417 ὡς
921 2361 1032 2430 ἔριν
1067 2360 1121 2413 δὲ
1158 2360 1370 2426 ἀμητοῦ
1398 2358 1849 2430 προκαλούμενον

347 2436 708 2502 μαστιγῶσαι
749 2434 874 2491 τοὺς
911 2432 1234 2492 ἐνδιδόντας,
1261 2432 1558 2502 βιαιοτέρῳ
1586 2431 1640 2485 δὲ
1667 2431 1849 2502 ἀμήτῃ

349 2504 724 2574 περιπεσόντα
779 2506 1017 2559 θάνατον
1061 2506 1277 2559 παθεῖν·
1370 2504 1421 2558 οἱ
1463 2503 1519 2558 δὲ
1560 2503 1849 2575 (Ηρακλέα

576 2642 593 2667 1
624 2642 800 2682 Wilam.
974 2643 991 2668 ²
1021 2642 1130 2684 Cas:
1162 2655 1249 2682 mss
1269 2645 1441 2695 βωρβον,
1467 2639 1621 2694 βόρβον

351 2732 446 2780 500
