1900 3072
801 230 986 279 LYRA
1037 230 1315 279 GRAECA

300 361 600 426 Γ[Αρπαλον
650 358 908 413 ἐκέλευσε
960 358 1202 430 πέμψαι,
1256 361 1504 416 κάκεῖνος
1554 358 1807 429 ἔπεμψεν

299 445 444 512 αὐτῷ
474 442 568 500 τάς
598 465 654 496 τε
681 441 958 495 Φιλίστου
985 441 1229 507 βίβλους
1257 443 1352 496 καὶ
1374 446 1482 496 τῶν
1503 441 1805 513 Εὐριπίδου

299 526 391 578 καὶ
418 525 766 595 Σοφοκλέους
788 526 882 578 καὶ
912 524 1208 597 Αἰσχύλου
1231 524 1550 596 τραγῳδιῶν
1574 526 1801 599 συχνάς,

300 610 391 662 καὶ
418 608 698 661 Τελέστου
726 609 821 661 καὶ
848 608 1152 678 Φιλοξένου
1182 608 1577 677 διθυράμβους.
1602 652 1650 682 ‚9

370 745 494 792 Plin.
533 744 674 793 N.H.
711 747 787 793 35.
824 747 901 793 36.
938 746 1000 793 22
1039 743 1125 810 [de
1163 743 1524 810 Nicomacho]:
1563 745 1672 792 Nec
1708 745 1806 792 fuit

297 823 423 868 alius
449 827 500 868 in
527 840 585 869 ea
608 830 717 869 arte
744 823 971 869 velocior.
1023 822 1235 869 tradunt
1260 840 1478 886 namque
1505 823 1804 870 conduxisse

299 900 616 962 pingendum
633 901 695 946 ab
723 901 972 947 Aristrato
997 900 1344 963 Sicyoniorum
1370 907 1587 964 tyranno
1606 901 1740 964 quod
1766 905 1806 948 is

299 977 518 1024 faciebat
555 978 746 1025 Telesti
778 985 960 1041 poetae
992 986 1399 1037 monument-um,
1424 978 1689 1041 praefinito
1723 979 1806 1026 die

300 1059 434 1102 intra
476 1073 627 1119 quem
675 1064 1021 1119 perageretur,
1070 1074 1165 1103 nec
1212 1056 1375 1103 multo
1422 1063 1543 1104 ante
1592 1061 1806 1115 venisse,

300 1140 517 1196 tyranno
550 1138 602 1180 in
636 1151 848 1196 poenam
882 1152 1110 1191 accenso,
1138 1138 1409 1198 paucisque
1434 1134 1613 1181 diebus
1642 1135 1804 1182 absol-

301 1215 430 1258 visse
456 1213 717 1259 celeritate
745 1219 798 1258 et
822 1220 930 1259 arte
957 1217 1094 1259 mira.

694 1515 1089 1568 ΤΕΛΕΣΤΟΤ
1143 1516 1421 1566 ΜΕΛΩΝ

933 1642 958 1688 1
1032 1638 1185 1704 Ἀργώ

360 1750 464 1790 Ath.
507 1752 567 1789 14.
606 1749 722 1790 Glssf
778 1752 876 1801 πρὸς
911 1752 957 1789 ὃν
991 1748 1218 1800 ἀντιλέγων
1253 1749 1383 1788 ἄλλος
1417 1748 1509 1800 ἔφη·
1557 1748 1686 1787 (ἀλλ’
1718 1749 1808 1800 ὅγε

307 1806 588 1846 Σελινούντιος
613 1806 824 1853 Τελέστης
853 1808 909 1854 τῷ
939 1806 1220 1856 Μελανιππίδῃ
1241 1803 1325 1853 (fr.
1350 1805 1394 1852 2)
1415 1802 1807 1855 ἀντικορυσσόμενος

308 1864 348 1900 ἐν
368 1860 514 1913 Ἀργοῖ
532 1860 622 1913 ἔφη·
656 1864 674 1899 ὁ
698 1861 738 1900 δὲ
763 1860 888 1910 λόγος
911 1860 1000 1899 ἐστὶ
1021 1862 1108 1912 περὶ
1131 1862 1205 1907 τῆς
1225 1859 1411 1905 Ἀθηνᾶς·

1082 1976 1177 2029 ὃνῙ
1204 1974 1381 2046 σοφὸν

470 2060 653 2131 σοφὰν
682 2063 982 2124 λαβοῦσαν
1010 2060 1106 2112 οὐκ
1135 2058 1450 2122 ἐπέλπομαι
1478 2056 1581 2128 νόῳ

475 2142 696 2213 δρυμοῖς
725 2142 915 2211 ὀρείοις
944 2144 1174 2212 ὄργανον

469 2226 590 2279 δῖαν
617 2224 862 2278 Ἀθάναν
891 2224 1293 2296 δυσόφθαλμον
1321 2222 1524 2295 αἶσχος
1552 2223 1794 2294 ἐκφοβη-

405 2321 430 2359 5
470 2309 663 2361 θεῖσαν
692 2309 845 2366 αὖθις
873 2311 1050 2378 χερῶν
1077 2306 1381 2371 ἐκβαλεῖν2

470 2396 807 2461 νυμφαγενεῖ
829 2391 1179 2462 χειροκτύπῳ

467 2475 599 2544 φηρὶ
627 2474 878 2546 Μαρσύᾳ
906 2473 1080 2530 κλέος·

470 2556 521 2609 τί
549 2559 654 2626 γάρ
683 2580 761 2610 νιν
789 2557 1075 2626 εὐηράτοιο
1105 2556 1340 2611 κάλλεος·

305 2688 400 2732 274
