1900 3072
810 257 997 304 LYRA
1047 257 1327 305 GRAECA

321 386 541 444 πολλὰς
569 388 762 445 κλίνας
789 386 1041 447 τιθέντες,
1061 386 1216 457 παρὰ
1236 385 1394 475 μέρος
1416 387 1537 456 ἑξῆς
1561 386 1822 458 μυρρίνας

322 461 541 531 ἔχοντες
609 460 641 528 ἢ
697 460 905 530 δάφνας
966 458 1096 529 ιἧδον
1157 459 1376 528 1’γνώμας
1437 460 1532 513 καὶ
1589 459 1821 528 ἐρωτικὰ

324 533 580 586 σύντονα.
659 535 690 600 ἡ
732 532 788 585 δὲ
828 515 1075 602 περίόδος
1114 530 1320 586 σκολια
1359 532 1565 601 ἐγίνετο
1602 531 1691 586 διὰ
1725 532 1822 600 τὴν

325 606 587 659 σύνθεσιν
613 609 720 658 τῶν
747 609 950 659 κλινῶν
986 606 1078 659 ἐπὶ
1114 604 1427 673 οἰκημάτων
1462 605 1823 673 πολυὙωνίων

322 680 517 739 οὐσῶν,
549 679 641 732 καὶ
669 679 843 746 τούτῳ
882 677 976 730 καὶ
1014 677 1110 735 τὰς
1146 678 1230 731 ἐπ’
1259 678 1430 736 αὐτὰς
1465 678 1825 737 κατακλίσεις

321 751 724 822 παραβύστους
768 750 1035 819 1γίνεσθαι.
1113 751 1175 804 οὐ
1221 750 1308 804 διὰ
1355 750 1452 817 τὴν
1496 753 1824 819 μελοποιίαν

322 825 431 886 οὖν,
473 823 559 878 διὰ
602 824 657 877 δὲ
701 823 797 889 τὴν
841 829 935 890 τῆς
977 822 1236 894 μυρρίνης
1289 822 1525 877 σκολιὰν
1576 823 1824 878 διάδοσιν

327 897 499 965 ταύτῃ
554 898 648 950 καὶ
706 896 802 954 τὰς
852 895 991 966 ω’δὰς
1033 896 1268 954 σκολιὰς
1315 897 1628 950 καλεῖσθαι.
1724 897 1824 966 (ιγ’)

320 970 627 1037 Ἀθήνησιν
665 971 720 1022 ἐν
755 974 830 1039 τῷ
867 968 1175 1039 πρυτανείῳ
1215 969 1370 1040 παρὰ
1405 967 1577 1023 πότον
1619 969 1825 1024 σκόλια

320 1044 480 1112 ᾔδετο
523 1044 595 1100 εἴς
636 1065 801 1103 τινας,
844 1042 1035 1111 ὥσπερ
1073 1042 1146 1099 εἰς
1179 1041 1489 1111 “Αρμόδιον,
1521 1043 1824 1110 ”Αδμητον,

321 1118 642 1184 Τελαμῶνα·
685 1116 939 1185 εἰρῆσθαι
981 1115 1036 1168 δὲ
1073 1115 1207 1169 αὐτὸ
1249 1114 1479 1168 σκολιὸν
1519 1116 1639 1169 κατ’
1678 1115 1823 1169 ἀντί-

321 1195 549 1260 φρασιν,
593 1189 677 1242 ὅτι
720 1187 882 1262 ῥάδια
923 1188 1014 1241 καὶ
1063 1188 1398 1278 ὀλιτγόστιχα
1444 1190 1513 1246 ὡς
1559 1188 1823 1257 ἐπιγράμ-

321 1285 471 1330 ματα
499 1261 654 1331 η’δετο
691 1261 725 1314 ἃ
759 1245 1015 1314 ιἐκαλεῖτο
1054 1259 1274 1322 σκόλια,
1304 1261 1827 1330 ἀντιπροτεινόντων

322 1335 597 1402 ἀλληλοις
643 1337 750 1387 τῶν
798 1337 1113 1402 συμποτῶν,
1162 1334 1256 1387 καὶ
1300 1334 1610 1405 ἠλέγχοντο
1657 1333 1707 1388 οἶ
1750 1334 1825 1402 μὴ

319 1407 541 1481 ᾄδοντες
575 1409 642 1464 ὡς
670 1406 917 1476 ἄμουσοι.

391 1516 504 1564 Seh.
551 1516 635 1562 A1.
682 1515 805 1562 Mb.
854 1516 983 1565 1364
1025 1514 1239 1583 [ἔπειτα
1285 1513 1328 1567 δ’
1373 1513 1618 1567 ἐκέλευσ’
1663 1513 1829 1568 αὐτὸν

325 1592 477 1645 ἀλλὰ
506 1590 764 1662 μυρρίνην
785 1587 1044 1652 λαβόντα
1078 1587 1083 1659 Ι
1122 1593 1229 1642 τῶν
1265 1587 1581 1676 Αἰσχύλου
1587 1585 1748 1656 λέξαι
1776 1586 1830 1640 τί

325 1667 459 1734 μοι]·
531 1664 870 1735 Δικαίαρχος
899 1664 952 1716 ἐν
980 1666 1053 1731 τῷ
1082 1661 1210 1730 περὶ
1239 1663 1545 1714 Μουσικῶν
1570 1658 1828 1728 ἈὙώνων

327 1739 439 1792 ίἔτι
480 1738 535 1791 δὲ
575 1737 755 1791 κοινόν
795 1759 847 1789 τι
888 1716 1064 1793 πάθος
1103 1733 1358 1825 φαίνεται
1401 1733 1829 1787 συνακολουθεῖν

327 1835 440 1869 τοις
491 1809 858 1882 διερχομένοις
916 1809 1022 1861 είτε
1081 1805 1219 1875 μετὰ
1277 1805 1476 1873 μέλους
1534 1805 1641 1859 εἴτε
1702 1804 1828 1859 ἄνευ

325 1884 527 1954 μέλους
579 1884 810 1954 ἔχοντάς
863 1904 915 1935 τι
969 1883 1022 1934 ἐν
1074 1884 1139 1950 τῇ
1190 1878 1334 1951 χειρὶ
1385 1879 1669 1932 ποιεῖσθαι
1731 1877 1829 1946 τὴν

328 1959 444 2028 αφ
416 1979 624 2025 ηὙησιν
706 1979 753 2009 οι
783 1978 841 2009 τε
867 1953 973 2024 «γὰρ
1001 1952 1222 2026 ᾀδοντες
1258 1954 1312 2006 ἐν
1341 1955 1454 2010 τοῖς
1491 1950 1831 2019 συμποσίοις

326 2031 385 2084 ἐκ
428 2033 676 2086 παλαιᾶς
718 2051 861 2085 τινος
903 2010 1265 2097 παραδόσεως
1308 2027 1496 2078 κλῶνα
1543 2023 1751 2094 δάφνης
1795 2023 1829 2091 ἢ

326 2102 583 2173 μυρρίνης
609 2100 883 2167 λαβόντες
911 2098 1172 2152 ἄδουσιν.’

397 2213 526 2261 Plut.
557 2212 609 2265 Q
645 2211 781 2258 Com.
810 2213 837 2256 i.
871 2210 911 2256 1.
943 2209 1101 2271 5fin:
1140 2206 1260 2260 ἐπεί
1287 2228 1369 2259 τοι
1397 2205 1489 2259 καὶ
1522 2204 1589 2258 τὰ
1624 2204 1831 2258 σκολιά

330 2289 505 2353 φασιν
570 2282 631 2335 οὐ
700 2280 854 2348 «γένος
918 2278 1187 2352 ἀσμάτων
1252 2278 1389 2332 εἶναι
1454 2277 1832 2346 πεποιημένων

331 2357 583 2445 ἀσαφῶς,
610 2352 851 2406 ἀλλ’ὅτι
880 2356 1098 2419 πρῶτον
1134 2351 1230 2421 μὲν
1257 2351 1387 2422 ᾖδον
1415 2351 1555 2423 ᾠδὴν
1582 2355 1679 2404 τοῦ
1705 2351 1832 2404 θεοῦ

330 2432 519 2486 κοινῶς
552 2428 792 2484 ἅπαντες
831 2428 927 2496 μιᾷ
963 2429 1117 2495 φωνῇ
1158 2424 1548 2490 παιανίζοντες,
1584 2423 1831 2495 δεύτερον

390 2584 405 2608 ²
435 2583 488 2623 cf.
516 2581 637 2623 Suid.
656 2596 686 2622 8.
703 2581 871 2621 σκολίον
888 2578 959 2631 (α’)
974 2579 1167 2632 Hesych.
1193 2592 1268 2620 sse.
1290 2578 1378 2618 and
1399 2577 1508 2631 ᾅδειν
1527 2579 1625 2630 πρὸς
1643 2577 1834 2628 μυρρίνην

330 2637 346 2662 ²
375 2639 451 2677 the
472 2637 667 2690 identity
698 2636 742 2676 of
771 2637 847 2675 the.
878 2634 1006 2675 order
1035 2634 1145 2674 with
1177 2634 1278 2673 that
1307 2633 1352 2673 of
1380 2633 1636 2673 Athenaeus
1657 2631 1832 2685 (below)

329 2730 424 2778 550
