1900 3072
815 227 998 274 LYRA
1047 226 1327 274 GRAECA

1052 338 1080 385 7

370 423 486 464 Plut.
513 426 624 465 Erot.
654 427 702 465 15
733 426 789 476 [π.
815 428 889 472 τῆς
909 427 997 477 περὶ
1017 426 1113 465 τοὺς
1134 425 1283 466 καλοὺς
1305 426 1368 464 καὶ
1396 425 1559 477 ὡραίους
1584 425 1816 475 ἐπιμελείας

315 482 396 518 τῶν
416 480 596 531 ἐρώντων
615 482 679 519 καὶ
703 481 899 532 διώξεως]·
933 481 1048 520 οὐδὲν
1067 480 1147 532 γάρ
1163 483 1277 521 ἐστιν
1297 480 1472 532 αἰσχρὸν
1489 481 1568 520 οὐδ’
1582 483 1813 532 ἀναγκαῖον,

315 535 426 575 ἀλλὰ
447 537 567 574 πειθὼ
589 537 652 575 καὶ
675 534 794 587 χάρις
818 537 1026 577 ἐνδιδοῦσα
1051 535 1193 575 ιπόνον
1212 534 1329 583 ἡδυν’
1353 537 1402 576 ὡς
1431 537 1590 583 ἀληθῶς
1615 534 1819 586 ικάματόν

314 591 351 629 τ’
381 588 627 641 εὐκάματον’
653 593 871 641 ὑφηγεῖται
901 593 997 643 πρὸς
1028 591 1176 643 ἀρετὴν
1206 592 1271 630 καὶ
1305 590 1462 641 φιλίαν,
1484 593 1568 631 οὔτ’
1599 591 1694 630 ἄνευ
1724 593 1816 631 θεοῦ

314 647 363 685 τὸ
385 649 591 697 προσῆκον
611 643 732 685 τέλος
755 646 1059 695 λαμβάνουσαν,
1084 648 1170 686 οὔτ’
1191 646 1325 685 ἄλλον
1345 645 1526 695 ἔχουσαν
1548 644 1731 698 ἡγεμόνα
1751 646 1815 686 καὶ

315 702 521 750 δεσπότην
552 701 656 749 θεόν,
685 702 796 741 ἀλλὰ
829 704 902 741 τὸν
941 705 1115 741 Μουσῶν
1155 702 1218 741 καὶ
1248 701 1434 752 Χαρίτων
1473 701 1537 741 καὶ
1577 701 1817 753 Ἀφροδίτης

317 759 475 808 ἑταῖρον
499 755 672 809 Ἔρωτα.

548 846 557 862 x
643 844 657 865 Χ
779 845 789 863 Ι
927 846 938 863 5
1055 844 1067 861 Χ
1147 846 1160 863 e
1371 844 1383 861 t
1695 845 1709 864 st

386 854 566 914 γλυκυ
593 868 700 916 γαρ
727 846 882 916 θερος
911 845 1103 915 ανδρος
1138 867 1490 915 υποσπειρων
1523 845 1818 915 πραπιδων

532 918 686 971 πὸθω

313 1027 417 1067 κατὰ
436 1027 509 1066 τὸν
530 1026 852 1075 Μελανιππίδην,
873 1025 925 1065 τὰ
947 1026 1093 1074 ἥδιστα
1112 1026 1278 1077 μίγνυσι
1298 1029 1382 1066 τοῖς
1406 1024 1661 1067 καλλίστοις.

1055 1326 1085 1372 8

368 1424 507 1466 Cram.
542 1425 651 1463 Α.Ρ.
689 1425 725 1464 3.
765 1424 857 1463 ⁸289.
896 1424 922 1462 ‘2
979 1423 1002 1469 ἡ
1045 1422 1087 1462 δὲ
1125 1424 1213 1474 περὶ
1252 1423 1325 1463 τὸν
1364 1423 1479 1463 Λίνον
1518 1424 1676 1475 ἱστορία
1714 1424 1817 1475 παρὰ

312 1478 522 1532 Φιλοχόρῳ
545 1481 587 1518 ἐν
607 1482 657 1532 τῇ
681 1478 732 1519 ιθ’
754 1480 818 1519 καὶ
839 1479 944 1530 παρὰ
966 1479 1262 1530 Μελανιππίδῃ.

1054 1647 1082 1693 9

368 1743 469 1785 Sch.
491 1745 545 1784 Il.
575 1746 635 1784 13.
663 1745 743 1784 350
773 1744 902 1793 [ἀλλὰ
933 1745 1054 1783 Θέτιν
1083 1742 1240 1782 κύδαινε
1271 1744 1333 1782 καὶ
1371 1741 1456 1783 υἱέα
1489 1741 1814 1795 καρτερόθυμον]·

315 1801 500 1839 ἐντεῦθεν
521 1799 562 1838 δὲ
586 1801 888 1846 Μελανιππίδης
911 1800 1087 1839 κύουσαν
1108 1799 1185 1837 ἀπὸ
1207 1799 1301 1838 Διὸς
1322 1800 1443 1839 Θέτιν
1462 1800 1670 1845 ἐκδοθῆναι
1687 1801 1821 1847 Πηλεῖ

314 1856 376 1894 διὰ
396 1855 447 1894 τὰ
468 1855 638 1907 ρηθέντα
662 1856 734 1894 ὑπὸ
756 1855 993 1907 Προμηθέως
1014 1857 1104 1903 ἤτοι
1126 1854 1306 1904 Θέμιδος.

1040 2082 1103 2130 10

367 2179 537 2220 Philod.
584 2197 625 2219 π.
655 2181 794 2224 εὗσεβ.
829 2181 883 2220 23
915 2180 1039 2220 Gom.
1074 2180 1133 2229 [π.
1165 2177 1320 2231 μητέρα
1359 2180 1435 2227 τὴν
1463 2182 1545 2219 τῶν
1573 2179 1815 2230 &efud-'Me-

313 2234 662 2340 ZZJQXZRZJ
694 2235 959 2287 Δ·ι’],ιιητ[ρα]1
980 2232 1135 2286 μητέρα
1164 2238 1261 2274 θεῶν
1291 2235 1419 2286 φησὶν
1444 2234 1538 2285 μίαν
1568 2234 1817 2286 ὑπάρχ[ειν·]

855 2399 871 2424 ²
901 2413 964 2438 ms
987 2400 1212 2452 δημητε[ρα
1228 2399 1260 2449 ⁸2]

315 2670 409 2731 238
