1900 3072
772 213 960 260 LYRA
1008 213 1288 260 GRAECA

281 369 415 407 ταις,
458 346 643 400 πάντα
687 342 962 412 γεωργικὰ
1005 342 1100 396 καὶ
1141 342 1392 412 ἀγροικά·
1446 340 1472 396 ὁ
1514 341 1611 410 μὲν
1655 341 1780 412 ᾖδεν

279 431 367 484 οἶα
396 429 593 502 ᾄδουσι
622 425 936 497 θερίζοντες,
962 425 986 479 ὁ
1016 425 1071 478 δὲ
1099 424 1353 480 ἔσκωπτε
1380 424 1448 478 τὰ
1475 425 1566 479 ἐπὶ
1593 430 1780 492 ληνοῖς

281 513 606 581 σκώμματα.
682 510 930 575 Φιλητᾶς
983 509 1222 577 ἐσύρισε·
1284 510 1508 579 Λάμπις
1549 509 1780 576 ηὔλησε·

280 595 463 668 Δρύας
497 594 590 649 καὶ
618 594 825 660 Δάμων
855 592 1200 666 ὠρχήσαντο.

351 723 478 770 Ibid.
523 724 585 771 40
674 716 797 771 τότε
859 716 913 770 δὲ
976 716 1166 775 νυκτὸς
1232 717 1517 786 γενομένης
1580 717 1783 776 πάντες

283 800 482 859 αὐτοὺς
534 801 905 871 παρέπεμπον
965 800 1038 857 εἰς
1098 799 1190 853 τὸν
1251 801 1520 868 θάλαμον,
1578 801 1627 855 οἱ
1685 801 1782 869 μὲν

282 884 647 955 συρίττοντες,
677 884 726 937 οἱ
755 884 810 936 δὲ
837 885 1151 944 αὐλοῦντες,
1180 883 1234 937 οἱ
1260 883 1314 936 δὲ
1343 883 1506 958 δᾷδας
1532 885 1783 952 μεγάλας

283 967 626 1038 ἀνίσχοντες.
705 967 800 1020 καὶ
832 967 950 1020 ἐπεὶ
990 967 1233 1032 πλησίον
1260 966 1404 1033 ἦσαν
1445 971 1552 1021 τῶν
1589 968 1785 1039 θυρῶν,

285 1052 412 1122 ᾖδον
476 1054 697 1124 σκληρᾷ
759 1051 852 1104 καὶ
913 1051 1113 1116 ἀπηνεῖ
1171 1055 1236 1120 τῇ
1298 1055 1466 1121 φωνῇ,
1531 1051 1784 1120 καθάπερ

284 1133 550 1205 τριαίναις
628 1139 729 1202 γῆν
805 1132 1252 1204 ἀναρρηγνύντες,
1337 1134 1442 1206 οὐχ
1532 1134 1784 1203 ὑμέναιον

285 1218 521 1290 ᾅδοντες.

352 1346 464 1394 Sch.
496 1346 705 1394 Theocr.
739 1347 811 1394 10.
843 1347 900 1394 41
932 1341 1128 1410 [θᾶσαι
1165 1341 1228 1409 δὴ
1269 1342 1364 1396 καὶ
1399 1346 1576 1396 ταῦτα
1614 1341 1683 1396 τὰ
1710 1347 1786 1396 τῶ

289 1424 412 1479 θείω
453 1423 779 1492 Λιτυέρσα]·
841 1423 1053 1485 θέασαι,
1104 1424 1257 1494 φησί,
1306 1425 1396 1479 καὶ
1437 1426 1642 1496 ταύτην
1681 1449 1787 1494 μου

288 1507 385 1574 τὴν
433 1506 758 1577 τραγῳδίαν,
804 1509 870 1575 ἣν
923 1510 1049 1576 περὶ
1098 1512 1195 1561 τοῦ
1242 1508 1551 1578 Λιτυέρσου
1596 1508 1786 1578 μέλλω

285 1590 439 1664 ᾆσαι.
518 1589 672 1647 οὗτος
701 1590 758 1643 δὲ
798 1588 823 1643 ὁ
866 1590 1173 1660 Λιτυέρσης
1203 1591 1365 1644 οἰκῶν
1392 1591 1667 1650 Κελαινὰς
1695 1597 1791 1660 τῆς

288 1672 532 1744 Φρυγίας
601 1673 724 1731 τοὺς
797 1673 1099 1744 παριόντας
1171 1678 1276 1727 τῶν
1335 1674 1501 1742 ξένων
1567 1676 1788 1748 εὐωχῶν

287 1757 565 1825 ἠνάγκαζε
625 1756 740 1822 μετ’
799 1758 965 1810 αὐτοῦ
1025 1757 1266 1828 θερίζειν.
1372 1757 1491 1811 εἶτα
1552 1758 1790 1827 ἑσπέρας

290 1837 626 1892 ἀποκόπτων
665 1838 761 1896 τὰς
799 1839 1048 1910 κεφαλὰς
1089 1841 1267 1893 αὐτῶν
1304 1839 1364 1893 τὸ
1400 1840 1599 1895 λοιπὸν
1626 1845 1789 1910 σῶμα

289 1922 343 1975 ἐν
388 1926 499 1978 τοῖς
543 1921 821 1991 δράγμασι
864 1926 1133 1976 συνειλῶν
1177 1923 1320 1992 ᾖδεν.
1411 1922 1695 1995 “Ηρακλῆς
1735 1925 1791 1978 δὲ

293 2005 597 2074 ἀναιρήσας
645 2005 810 2059 αὐτὸν
853 2005 997 2059 κατὰ
1041 2006 1134 2059 τὸν
1181 2005 1504 2077 Μαίανδρον
1542 2008 1792 2076 ποταμὸν

292 2088 536 2158 ἔρριψεν,
564 2088 690 2142 ὅθεν
729 2089 822 2141 καὶ
860 2093 952 2142 νῦν
993 2089 1044 2142 οἱ
1085 2090 1341 2158 θερισταὶ
1367 2090 1509 2143 κατὰ
1539 2091 1788 2162 Φρυγίαν

285 2171 517 2243 ᾄδουσιν
543 2171 712 2225 αὐτὸν
729 2172 1155 2240 ἐγκωμιάζοντες
1175 2175 1243 2231 ὡς
1266 2173 1494 2243 ἄριστον
1514 2175 1788 2245 θεριστήν.

358 2306 441 2351 Ar.
471 2304 594 2351 Mb.
629 2307 754 2355 1357

363 2395 388 2448 ὁ
418 2395 461 2448 δ’
492 2396 685 2454 εὐθέως
712 2398 948 2469 ἀρχαῖον
976 2398 1065 2453 εἶν’
1096 2399 1308 2466 ἔφασκε
1335 2399 1396 2453 τὸ
1424 2399 1718 2470 κιθαρίζειν

364 2477 510 2550 ᾄδειν
574 2501 632 2532 τε
701 2482 930 2546 πίνονθ’,
1002 2483 1241 2554 ὡσπερεὶ
1304 2485 1514 2554 κάχρυς
1579 2484 1792 2553 γυναῖκ’

508 2563 776 2617 ἀλοῦσαν.

295 2671 389 2720 504
