1900 3072
743 179 929 224 LYRA
984 178 1264 224 GRAECA

316 311 441 356 Ibid.
474 311 512 356 1.
541 310 617 356 ΕΗ)
640 309 722 376 [π.
754 306 1121 377 6x1roqba‘yia9}
1172 306 1447 377 Θεόφιλος
1476 306 1533 360 δέ
1561 313 1750 378 φησιν·

249 381 458 450 ‘Ofix‘
433 380 620 451 ὠσπερ
641 379 940 448 Φιλόξενον
959 380 1051 433 τὸν
1070 379 1368 450 Ἐρύξιδος·
1411 381 1607 438 ἐκεῖνος
1627 381 1753 449 «γάρ,

249 453 316 508 ὡς
377 453 565 513 ἔοικεν,
618 450 1056 522 ἐπιμεμφόμενος
1121 451 1219 519 τὴν
1287 452 1459 522 φύσιν
1521 452 1596 510 εἷς
1656 452 1755 520 τὴν

250 523 569 578 ἀπόλαυσιν
620 524 826 593 ηὔξατό
875 547 1009 578 ποτε
1058 525 1289 595 *γεράνου
1343 523 1440 592 τὴν
1490 525 1755 597 φάρυγγα

248 596 444 668 σχεῖνῖ

320 685 450 735 Ibid.
484 686 521 731 1.
554 685 635 732 6ᾶ
676 684 759 751 [π.
805 707 901 737 του
933 684 1143 751 αὐτου]·
1186 683 1356 737 ἄλλοι
1395 683 1450 737 δὲ
1485 683 1756 756 φίλιχθυν

247 754 342 808 τὸν
376 756 678 823 Φιλόξενόν
715 762 906 826 φασιν·
984 755 1381 826 Ἀριστοτέλης
1424 757 1479 810 δὲ
1516 757 1754 827 φιλόδει-

246 850 383 881 πνον
422 830 630 890 ἁπλῶς,
663 852 716 886 ος
752 830 845 882 καὶ
879 830 1077 899 νγράφει
1113 852 1221 883 που
1259 833 1453 883 ταῦτα·
1536 833 1755 898 ’Δημη-

246 905 532 969 Ὑοροῦντες
560 902 614 954 ἐν
642 907 752 961 τοῖς
786 904 978 973 ὄχλοις
1014 901 1455 971 κατατρίβουσιν
1494 902 1631 968 ὅλην
1658 902 1758 970 τὴν

250 974 455 1044 ἡμέραν
490 976 545 1027 ἐν
585 979 698 1032 τοῖς
738 975 983 1043 θαύμασι
1023 975 1118 1028 καὶ
1159 974 1293 1045 πρὸς
1329 973 1452 1032 τοὺς
1484 975 1542 1027 ἐκ
1578 974 1755 1028 Φάσι-

252 1048 337 1104 δος
390 1047 423 1113 ἢ
477 1047 853 1116 Βορυσθένους
903 1047 1347 1109 καταπλέοντας,
1394 1048 1758 1116 ἀνεγνωκότες

251 1119 404 1172 οὐδὲν
443 1119 593 1186 πλὴν
628 1121 674 1173 εἰ
719 1120 781 1174 τὸ
825 1120 1127 1188 Φιλοξένου
1172 1124 1407 1174 Δεῖπνον
1444 1121 1551 1191 οὐχ
1590 1120 1760 1174 ὅλον.’

249 1191 483 1250 Φαινίας
537 1193 592 1245 δέ
649 1199 819 1264 φησιν
883 1193 966 1246 ὅτι
1032 1192 1327 1261 Φιλόξενος
1393 1191 1418 1246 ὁ
1483 1193 1759 1264 Κυθήριος

251 1265 481 1332 ποιητής·
508 1273 633 1319 κτλ.

323 1359 444 1407 Ath
511 1360 550 1405 1.
622 1361 651 1406 4
696 1362 728 1407 b
783 1361 864 1427 [π.
921 1358 1246 1430 ἀναγραφας
1312 1358 1584 1428 δείπνων]·
1661 1363 1760 1413 τοῦ

253 1429 555 1498 Φιλοξένου
592 1430 648 1484 δὲ
690 1436 784 1485 τοῦ
825 1431 1132 1485 Λευκαδιου
1169 1430 1405 1485 Δειπνου
1451 1432 1693 1486 Πλάτων
1730 1450 1757 1486 ο

251 1504 660 1574 κωμῳδιοποιὸς
685 1527 951 1573 μεμνηται
986 1505 1058 1573 (ἐν
1087 1506 1274 1557 Φαωνι
1296 1508 1355 1573 1)·

325 1601 374 1650 A
383 1638 607 1650 .....
651 1597 755 1666 ἐὙὼ
784 1597 826 1651 δ’
856 1598 1027 1652 <ὢν>
1047 1599 1068 1631 2
1097 1598 1273 1652 ἔνθαδ’
1302 1599 1358 1651 ἐν
1385 1602 1451 1668 τῇ
1478 1597 1663 1672 ’ρημία

434 1670 588 1723 τουτὶ
616 1669 848 1724 διελθεῖν
875 1671 1160 1739 βούλομαι
1187 1671 1249 1724 τὸ
1275 1670 1514 1735 βιβλίον

436 1742 571 1813 πρὸς
618 1743 867 1811 ἐμαυτόν.
873 1747 1010 1797 -Β,
1061 1744 1182 1797 ἔστι
1232 1743 1293 1803 δ’,
1339 1744 1623 1807 ἀντιβολῶ
1675 1766 1756 1804 σε,

508 1819 670 1869 τοῦτο
700 1815 789 1879 τί;

327 1894 395 1942 A.
438 1888 741 1956 Φιλοξένου
770 1889 930 1956 καινή
957 1912 1037 1947 τις
1064 1888 1407 1978 ὀψαρτυσία

333 1965 395 2014 Β.
436 1961 706 2029 ἐπίδειξον
735 1963 907 2027 αὐτὴν
931 1962 1048 2028 ἥτις
1076 1962 1174 2015 ἔστ
1178 1960 1352 2015 ’..—-—A
1381 1962 1546 2014 ἄκουε
1574 1949 1652 2029 δή.

374 2047 400 2086 6
440 2043 451 2061 ‘
477 2033 712 2102 ἄρξομαι
769 2036 827 2087 ἐκ
884 2038 1130 2102 βολβοῖο
1188 2034 1502 2101 τελευτήσω
1564 2033 1608 2086 δ’
1666 2035 1759 2088 ἐπὶ

511 2107 714 2160 θύννον’
721 2149 731 2160 .

344 2182 406 2231 Β.
448 2180 540 2232 ἐπὶ
570 2180 760 2233 θύννον
779 2202 798 2242 ,·
841 2181 1033 2234 οὐκοῦν
1061 2185 1157 2247 τῆς
1183 2178 1503 2236 τελευταίας
1523 2179 1545 2212 3
1573 2178 1722 2233 πολὺ

436 2253 735 2320 κράτιστον
762 2254 999 2306 ἐνταῦθα’
1028 2253 1127 2321 Ύε4
1153 2253 1422 2326 τετάχθαι
1449 2253 1671 2321 τάξεως.

309 2368 326 2393 ¹
356 2368 467 2407 from
498 2370 604 2409 Ath.
641 2370 677 2412 7.
710 2371 789 2410 325
805 2384 842 2419 a,
878 2371 1023 2410 where
1052 2370 1098 2410 11.
1134 2371 1241 2411 9-10
1271 2384 1343 2410 are
1373 2368 1539 2423 quoted
1569 2359 1758 2409 without

256 2424 450 2463 mention
472 2423 516 2463 of
536 2423 708 2464 Philox.
813 2425 829 2449 ²
859 2426 983 2465 Pors.
1054 2425 1070 2450 ³
1100 2425 1207 2466 Cas:
1240 2438 1327 2465 mss
1343 2426 1542 2471 τελευτῆς
1623 2423 1641 2448 ⁴¹
1672 2437 1759 2463 mss

255 2479 363 2518 omit
393 2495 443 2529 γε

311 2575 326 2598 1
359 2574 460 2615 Wil.
497 2574 828 2629 Theophrastus
979 2577 995 2604 2
1027 2576 1079 2619 ef.
1116 2577 1254 2617 Arist.
1289 2576 1405 2616 Prob.
1440 2576 1505 2615 28.
1542 2575 1578 2618 7.
1614 2575 1695 2616 950
1713 2588 1753 2622 a,

256 2647 353 2691 344
