<?xml version="1.0" encoding="UTF-8"?>
<!DOCTYPE html PUBLIC "-//W3C//DTD XHTML 1.0 Transitional//EN"
    "http://www.w3.org/TR/xhtml1/DTD/xhtml1-transitional.dtd">
<html xmlns="http://www.w3.org/1999/xhtml" xml:lang="en" lang="en">
 <head>
  <title>
</title>
<meta http-equiv="Content-Type" content="text/html;charset=utf-8" />
  <meta name='ocr-system' content='tesseract 3.04.00' />
  <meta name='ocr-capabilities' content='ocr_page ocr_carea ocr_par ocr_line ocrx_word'/>
</head>
<body>
  <div class='ocr_page' id='page_1' title='image "./lyragraecabeingr03edmouoft_0410.png"; bbox 0 0 1900 3072; ppageno 0'>
   <div class='ocr_carea' id='block_1_1' title="bbox 814 205 1330 252">
    <p class='ocr_par' dir='ltr' id='par_1_1' title="bbox 814 205 1330 252">
     <span class='ocr_line' id='line_1_1' title="bbox 814 205 1330 252; baseline 0 -1"><span class='ocrx_word' id='word_1_1' title='bbox 814 205 997 252; x_wconf 89' lang='lat' dir='ltr'>LYRA</span> <span class='ocrx_word' id='word_1_2' title='bbox 1050 205 1330 252; x_wconf 89' lang='lat' dir='ltr'><strong>GRAECA</strong></span> 
     </span>
    </p>
   </div>
   <div class='ocr_carea' id='block_1_2' title="bbox 866 336 1278 399">
    <p class='ocr_par' dir='ltr' id='par_1_2' title="bbox 866 336 1278 399">
     <span class='ocr_line' id='line_1_2' title="bbox 866 336 1278 399; baseline 0.007 -15"><span class='ocrx_word' id='word_1_3' title='bbox 866 337 927 385; x_wconf 82' lang='lat'>13</span> <span class='ocrx_word' id='word_1_4' title='bbox 948 336 967 365; x_wconf 80' lang='lat'><strong>²</strong></span> <span class='ocrx_word' id='word_1_5' title='bbox 1038 336 1278 399; x_wconf 59' lang='grc' dir='ltr'>εΥμείιαιος</span> 
     </span>
    </p>
   </div>
   <div class='ocr_carea' id='block_1_3' title="bbox 313 424 1823 1135">
    <p class='ocr_par' dir='ltr' id='par_1_3' title="bbox 313 424 1823 1026">
     <span class='ocr_line' id='line_1_3' title="bbox 370 424 1821 478; baseline 0 -13"><span class='ocrx_word' id='word_1_6' title='bbox 370 426 477 466; x_wconf 82' lang='lat' dir='ltr'><strong>At-h.</strong></span> <span class='ocrx_word' id='word_1_7' title='bbox 507 428 544 465; x_wconf 90' lang='grc'>1.</span> <span class='ocrx_word' id='word_1_8' title='bbox 567 427 592 466; x_wconf 88' lang='grc'>5</span> <span class='ocrx_word' id='word_1_9' title='bbox 612 439 634 465; x_wconf 90' lang='lat' dir='ltr'>e</span> <span class='ocrx_word' id='word_1_10' title='bbox 666 426 723 475; x_wconf 90' lang='grc' dir='ltr'>[π.</span> <span class='ocrx_word' id='word_1_11' title='bbox 751 425 1011 477; x_wconf 76' lang='grc' dir='ltr'>ὀψοφαγίας]·</span> <span class='ocrx_word' id='word_1_12' title='bbox 1043 426 1094 464; x_wconf 84' lang='grc' dir='ltr'>τὰ</span> <span class='ocrx_word' id='word_1_13' title='bbox 1125 428 1159 465; x_wconf 79' lang='grc' dir='ltr'>δ’</span> <span class='ocrx_word' id='word_1_14' title='bbox 1184 425 1286 464; x_wconf 78' lang='grc' dir='ltr'>αὐτὰ</span> <span class='ocrx_word' id='word_1_15' title='bbox 1316 426 1378 466; x_wconf 79' lang='grc' dir='ltr'>καὶ</span> <span class='ocrx_word' id='word_1_16' title='bbox 1410 426 1498 476; x_wconf 82' lang='grc' dir='ltr'>περὶ</span> <span class='ocrx_word' id='word_1_17' title='bbox 1529 427 1602 465; x_wconf 83' lang='grc' dir='ltr'>τοῦ</span> <span class='ocrx_word' id='word_1_18' title='bbox 1628 424 1821 478; x_wconf 75' lang='grc' dir='ltr'><strong><em>Κυθηρίου</em></strong></span> 
     </span>
     <span class='ocr_line' id='line_1_4' title="bbox 316 478 1820 533; baseline 0.001 -15"><span class='ocrx_word' id='word_1_19' title='bbox 316 483 532 533; x_wconf 81' lang='grc' dir='ltr'>Φιλοξένου</span> <span class='ocrx_word' id='word_1_20' title='bbox 559 482 768 532; x_wconf 81' lang='grc' dir='ltr'>ἱστοροῦσι</span> <span class='ocrx_word' id='word_1_21' title='bbox 799 510 809 522; x_wconf 93' lang='grc'><strong>.</strong></span> <span class='ocrx_word' id='word_1_22' title='bbox 889 513 898 522; x_wconf 89' lang='grc'><strong>.</strong></span> <span class='ocrx_word' id='word_1_23' title='bbox 937 478 1150 532; x_wconf 87' lang='grc' dir='ltr'>Κλέαρχος</span> <span class='ocrx_word' id='word_1_24' title='bbox 1180 478 1224 519; x_wconf 87' lang='grc' dir='ltr'>δέ</span> <span class='ocrx_word' id='word_1_25' title='bbox 1251 490 1353 532; x_wconf 90' lang='grc' dir='ltr'>φησι</span> <span class='ocrx_word' id='word_1_26' title='bbox 1382 479 1597 531; x_wconf 84' lang='grc' dir='ltr'>Φιλόξενον</span> <span class='ocrx_word' id='word_1_27' title='bbox 1624 479 1820 531; x_wconf 86' lang='grc' dir='ltr'>προλουό-</span> 
     </span>
     <span class='ocr_line' id='line_1_5' title="bbox 314 534 1822 588; baseline 0.002 -14"><span class='ocrx_word' id='word_1_28' title='bbox 314 552 434 584; x_wconf 83' lang='grc' dir='ltr'>μενον</span> <span class='ocrx_word' id='word_1_29' title='bbox 466 538 508 576; x_wconf 89' lang='grc' dir='ltr'>ἐν</span> <span class='ocrx_word' id='word_1_30' title='bbox 536 535 589 588; x_wconf 83' lang='grc' dir='ltr'>τῇ</span> <span class='ocrx_word' id='word_1_31' title='bbox 618 536 778 585; x_wconf 82' lang='grc' dir='ltr'>πατρίδι</span> <span class='ocrx_word' id='word_1_32' title='bbox 809 536 874 575; x_wconf 81' lang='grc' dir='ltr'>καὶ</span> <span class='ocrx_word' id='word_1_33' title='bbox 905 536 1052 577; x_wconf 82' lang='grc' dir='ltr'>ἄλλαις</span> <span class='ocrx_word' id='word_1_34' title='bbox 1085 536 1236 575; x_wconf 88' lang='grc' dir='ltr'>πόλεσι</span> <span class='ocrx_word' id='word_1_35' title='bbox 1270 534 1556 587; x_wconf 84' lang='grc' dir='ltr'>περιέρχεσθαι</span> <span class='ocrx_word' id='word_1_36' title='bbox 1590 536 1664 575; x_wconf 77' lang='grc' dir='ltr'>τὰς</span> <span class='ocrx_word' id='word_1_37' title='bbox 1695 536 1822 577; x_wconf 81' lang='grc' dir='ltr'>οἰκίας</span> 
     </span>
     <span class='ocr_line' id='line_1_6' title="bbox 315 589 1817 642; baseline 0.003 -13"><span class='ocrx_word' id='word_1_38' title='bbox 315 591 645 632; x_wconf 74' lang='grc' dir='ltr'>ἀκολουθούντων</span> <span class='ocrx_word' id='word_1_39' title='bbox 666 594 772 639; x_wconf 74' lang='grc' dir='ltr'>αὐτῷ</span> <span class='ocrx_word' id='word_1_40' title='bbox 794 591 945 631; x_wconf 84' lang='grc' dir='ltr'>παίδων</span> <span class='ocrx_word' id='word_1_41' title='bbox 965 590 1171 642; x_wconf 73' lang='grc' dir='ltr'>φερόντων</span> <span class='ocrx_word' id='word_1_42' title='bbox 1190 590 1328 630; x_wconf 82' lang='grc' dir='ltr'>ἔλαιον</span> <span class='ocrx_word' id='word_1_43' title='bbox 1353 592 1460 631; x_wconf 70' lang='grc' dir='ltr'>οἶνον</span> <span class='ocrx_word' id='word_1_44' title='bbox 1487 589 1612 641; x_wconf 81' lang='grc' dir='ltr'>γάρον</span> <span class='ocrx_word' id='word_1_45' title='bbox 1634 590 1723 639; x_wconf 74' lang='grc' dir='ltr'>ὄξος</span> <span class='ocrx_word' id='word_1_46' title='bbox 1753 593 1817 632; x_wconf 78' lang='grc' dir='ltr'>καὶ</span> 
     </span>
     <span class='ocr_line' id='line_1_7' title="bbox 315 645 1823 699; baseline 0.001 -14"><span class='ocrx_word' id='word_1_47' title='bbox 315 647 426 686; x_wconf 83' lang='grc' dir='ltr'>ἄλλα</span> <span class='ocrx_word' id='word_1_48' title='bbox 459 646 688 696; x_wconf 82' lang='grc' dir='ltr'>ἡδύσματα·</span> <span class='ocrx_word' id='word_1_49' title='bbox 733 646 871 685; x_wconf 84' lang='grc' dir='ltr'>ἔπειτα</span> <span class='ocrx_word' id='word_1_50' title='bbox 910 646 1093 686; x_wconf 84' lang='grc' dir='ltr'>εἰσιόντα</span> <span class='ocrx_word' id='word_1_51' title='bbox 1133 646 1190 686; x_wconf 80' lang='grc' dir='ltr'>εἷς</span> <span class='ocrx_word' id='word_1_52' title='bbox 1229 646 1301 686; x_wconf 80' lang='grc' dir='ltr'>τὰς</span> <span class='ocrx_word' id='word_1_53' title='bbox 1342 646 1567 699; x_wconf 77' lang='grc' dir='ltr'>ἀλλοτρίας</span> <span class='ocrx_word' id='word_1_54' title='bbox 1606 645 1733 687; x_wconf 76' lang='grc' dir='ltr'>οἰκίας</span> <span class='ocrx_word' id='word_1_55' title='bbox 1770 647 1823 686; x_wconf 82' lang='grc' dir='ltr'>τὰ</span> 
     </span>
     <span class='ocr_line' id='line_1_8' title="bbox 317 699 1822 754; baseline 0.001 -14"><span class='ocrx_word' id='word_1_56' title='bbox 317 701 493 752; x_wconf 79' lang='grc' dir='ltr'>ἑψόμενα</span> <span class='ocrx_word' id='word_1_57' title='bbox 530 705 614 741; x_wconf 81' lang='grc' dir='ltr'>τοῖς</span> <span class='ocrx_word' id='word_1_58' title='bbox 655 703 800 742; x_wconf 78' lang='grc' dir='ltr'>ἄλλοις</span> <span class='ocrx_word' id='word_1_59' title='bbox 839 701 999 752; x_wconf 73' lang='grc' dir='ltr'>ἀρτύειν</span> <span class='ocrx_word' id='word_1_60' title='bbox 1040 699 1307 750; x_wconf 78' lang='grc' dir='ltr'>ἐμβάλλοντα</span> <span class='ocrx_word' id='word_1_61' title='bbox 1339 701 1391 741; x_wconf 74' lang='grc' dir='ltr'>ὧν</span> <span class='ocrx_word' id='word_1_62' title='bbox 1431 702 1520 741; x_wconf 83' lang='grc' dir='ltr'>ἐστὶ</span> <span class='ocrx_word' id='word_1_63' title='bbox 1562 700 1692 751; x_wconf 75' lang='grc' dir='ltr'>χρεία,</span> <span class='ocrx_word' id='word_1_64' title='bbox 1736 699 1822 754; x_wconf 73' lang='grc' dir='ltr'>κᾷθ’</span> 
     </span>
     <span class='ocr_line' id='line_1_9' title="bbox 315 755 1823 808; baseline 0.001 -13"><span class='ocrx_word' id='word_1_65' title='bbox 315 758 443 796; x_wconf 82' lang='grc' dir='ltr'>οὕτως</span> <span class='ocrx_word' id='word_1_66' title='bbox 464 756 521 796; x_wconf 82' lang='grc' dir='ltr'>εἷς</span> <span class='ocrx_word' id='word_1_67' title='bbox 552 758 699 798; x_wconf 77' lang='grc' dir='ltr'>ἑαυτὸν</span> <span class='ocrx_word' id='word_1_68' title='bbox 729 755 912 808; x_wconf 81' lang='grc' dir='ltr'>κύψαντα</span> <span class='ocrx_word' id='word_1_69' title='bbox 943 759 1196 806; x_wconf 79' lang='grc' dir='ltr'>εὐωχεῖσθαι.</span> <span class='ocrx_word' id='word_1_70' title='bbox 1261 755 1378 797; x_wconf 72' lang='grc' dir='ltr'>οὗτος</span> <span class='ocrx_word' id='word_1_71' title='bbox 1406 757 1462 797; x_wconf 84' lang='grc' dir='ltr'>εἷς</span> <span class='ocrx_word' id='word_1_72' title='bbox 1491 759 1671 806; x_wconf 85' lang='grc' dir='ltr'>Ἔφεσον</span> <span class='ocrx_word' id='word_1_73' title='bbox 1700 771 1823 796; x_wconf 84' lang='grc' dir='ltr'>κατα-</span> 
     </span>
     <span class='ocr_line' id='line_1_10' title="bbox 313 808 1820 863; baseline 0.001 -14"><span class='ocrx_word' id='word_1_74' title='bbox 313 811 498 851; x_wconf 82' lang='grc' dir='ltr'>πλεύσας</span> <span class='ocrx_word' id='word_1_75' title='bbox 537 814 662 863; x_wconf 83' lang='grc' dir='ltr'>εὑρὼν</span> <span class='ocrx_word' id='word_1_76' title='bbox 700 812 777 858; x_wconf 77' lang='grc' dir='ltr'>τὴν</span> <span class='ocrx_word' id='word_1_77' title='bbox 818 811 1054 855; x_wconf 73' lang='grc' dir='ltr'>ὀψοπώλιδα</span> <span class='ocrx_word' id='word_1_78' title='bbox 1092 811 1214 857; x_wconf 87' lang='grc' dir='ltr'>κένην</span> <span class='ocrx_word' id='word_1_79' title='bbox 1255 808 1425 850; x_wconf 85' lang='grc' dir='ltr'>ἐπύθετο</span> <span class='ocrx_word' id='word_1_80' title='bbox 1459 811 1536 857; x_wconf 80' lang='grc' dir='ltr'>τὴν</span> <span class='ocrx_word' id='word_1_81' title='bbox 1569 810 1715 850; x_wconf 81' lang='grc' dir='ltr'>αἰτίαν·</span> <span class='ocrx_word' id='word_1_82' title='bbox 1756 811 1820 851; x_wconf 77' lang='grc' dir='ltr'>καὶ</span> 
     </span>
     <span class='ocr_line' id='line_1_11' title="bbox 313 864 1823 918; baseline 0.001 -13"><span class='ocrx_word' id='word_1_83' title='bbox 313 868 448 916; x_wconf 88' lang='grc' dir='ltr'>μαθὼν</span> <span class='ocrx_word' id='word_1_84' title='bbox 495 867 558 906; x_wconf 82' lang='grc' dir='ltr'>ὅτι</span> <span class='ocrx_word' id='word_1_85' title='bbox 607 871 687 907; x_wconf 81' lang='grc' dir='ltr'>πᾶν</span> <span class='ocrx_word' id='word_1_86' title='bbox 732 868 788 906; x_wconf 86' lang='grc' dir='ltr'>εἷς</span> <span class='ocrx_word' id='word_1_87' title='bbox 836 866 991 917; x_wconf 78' lang='grc' dir='ltr'>γάμους</span> <span class='ocrx_word' id='word_1_88' title='bbox 1039 864 1343 916; x_wconf 76' lang='grc' dir='ltr'>συνηγόρασται</span> <span class='ocrx_word' id='word_1_89' title='bbox 1391 864 1643 915; x_wconf 79' lang='grc' dir='ltr'>λουσάμενος</span> <span class='ocrx_word' id='word_1_90' title='bbox 1690 868 1823 918; x_wconf 83' lang='grc' dir='ltr'>παρῆν</span> 
     </span>
     <span class='ocr_line' id='line_1_12' title="bbox 315 919 1820 973; baseline 0.001 -13"><span class='ocrx_word' id='word_1_91' title='bbox 315 923 494 968; x_wconf 80' lang='grc' dir='ltr'>ἄκλητος</span> <span class='ocrx_word' id='word_1_92' title='bbox 517 924 568 962; x_wconf 83' lang='grc' dir='ltr'>ὡς</span> <span class='ocrx_word' id='word_1_93' title='bbox 589 923 660 962; x_wconf 83' lang='grc' dir='ltr'>τὸν</span> <span class='ocrx_word' id='word_1_94' title='bbox 690 922 874 973; x_wconf 88' lang='grc' dir='ltr'>νύμφιον.</span> <span class='ocrx_word' id='word_1_95' title='bbox 936 922 1000 960; x_wconf 80' lang='grc' dir='ltr'>καὶ</span> <span class='ocrx_word' id='word_1_96' title='bbox 1030 921 1133 970; x_wconf 82' lang='grc' dir='ltr'>μετὰ</span> <span class='ocrx_word' id='word_1_97' title='bbox 1162 921 1211 959; x_wconf 84' lang='grc' dir='ltr'>τὸ</span> <span class='ocrx_word' id='word_1_98' title='bbox 1243 923 1402 960; x_wconf 83' lang='grc' dir='ltr'>δεῖπνον</span> <span class='ocrx_word' id='word_1_99' title='bbox 1426 920 1527 973; x_wconf 82' lang='grc' dir='ltr'>ᾅσας</span> <span class='ocrx_word' id='word_1_100' title='bbox 1559 921 1745 970; x_wconf 79' lang='grc' dir='ltr'>ὑμέναιον</span> <span class='ocrx_word' id='word_1_101' title='bbox 1773 919 1820 961; x_wconf 70' lang='grc' dir='ltr'>οὗ</span> 
     </span>
     <span class='ocr_line' id='line_1_13' title="bbox 314 977 480 1026; baseline 0 -2"><span class='ocrx_word' id='word_1_102' title='bbox 314 977 338 1024; x_wconf 79' lang='grc' dir='ltr'>ἡ</span> <span class='ocrx_word' id='word_1_103' title='bbox 370 978 480 1026; x_wconf 77' lang='grc' dir='ltr'>ἀρχή</span> 
     </span>
    </p>

    <p class='ocr_par' dir='ltr' id='par_1_4' title="bbox 711 1063 1433 1135">
     <span class='ocr_line' id='line_1_14' title="bbox 711 1063 1433 1135; baseline -0.001 -16"><span class='ocrx_word' id='word_1_104' title='bbox 711 1066 875 1134; x_wconf 81' lang='grc' dir='ltr'>Γάμε,</span> <span class='ocrx_word' id='word_1_105' title='bbox 907 1065 1041 1118; x_wconf 80' lang='grc' dir='ltr'>θεῶν</span> <span class='ocrx_word' id='word_1_106' title='bbox 1068 1063 1433 1135; x_wconf 84' lang='grc' dir='ltr'>λαμπρότατε</span> 
     </span>
    </p>
   </div>
   <div class='ocr_carea' id='block_1_4' title="bbox 312 1166 1820 1332">
    <p class='ocr_par' dir='ltr' id='par_1_5' title="bbox 312 1166 1820 1332">
     <span class='ocr_line' id='line_1_15' title="bbox 312 1166 1820 1221; baseline 0 -12"><span class='ocrx_word' id='word_1_107' title='bbox 312 1170 465 1211; x_wconf 75' lang='grc' dir='ltr'>πάντας</span> <span class='ocrx_word' id='word_1_108' title='bbox 506 1172 848 1221; x_wconf 73' lang='grc' dir='ltr'>ἐψυχαγώγησεν·</span> <span class='ocrx_word' id='word_1_109' title='bbox 898 1169 948 1216; x_wconf 78' lang='grc' dir='ltr'>ἦν</span> <span class='ocrx_word' id='word_1_110' title='bbox 987 1170 1029 1208; x_wconf 77' lang='grc' dir='ltr'>δὲ</span> <span class='ocrx_word' id='word_1_111' title='bbox 1079 1168 1423 1221; x_wconf 82' lang='grc' dir='ltr'>διθυραμβοποιός.</span> <span class='ocrx_word' id='word_1_112' title='bbox 1487 1170 1549 1209; x_wconf 74' lang='grc' dir='ltr'>καὶ</span> <span class='ocrx_word' id='word_1_113' title='bbox 1593 1172 1613 1208; x_wconf 88' lang='grc' dir='ltr'>ὁ</span> <span class='ocrx_word' id='word_1_114' title='bbox 1653 1166 1820 1221; x_wconf 82' lang='grc' dir='ltr'>νύμφιος</span> 
     </span>
     <span class='ocr_line' id='line_1_16' title="bbox 317 1223 1820 1276; baseline 0 -11"><span class='ocrx_word' id='word_1_115' title='bbox 317 1225 554 1275; x_wconf 45' lang='grc' dir='ltr'>(Φιλόξενὲ</span> <span class='ocrx_word' id='word_1_116' title='bbox 587 1226 688 1275; x_wconf 77' lang='grc' dir='ltr'>εἶπε,</span> <span class='ocrx_word' id='word_1_117' title='bbox 731 1226 824 1265; x_wconf 69' lang='grc' dir='ltr'>ικαὶ</span> <span class='ocrx_word' id='word_1_118' title='bbox 859 1227 994 1275; x_wconf 84' lang='grc' dir='ltr'>αὔριον</span> <span class='ocrx_word' id='word_1_119' title='bbox 1027 1223 1100 1263; x_wconf 80' lang='grc' dir='ltr'>ὧδε</span> <span class='ocrx_word' id='word_1_120' title='bbox 1135 1225 1393 1271; x_wconf 81' lang='grc' dir='ltr'>δειπνήσεις·’</span> <span class='ocrx_word' id='word_1_121' title='bbox 1453 1226 1516 1264; x_wconf 82' lang='grc' dir='ltr'>καὶ</span> <span class='ocrx_word' id='word_1_122' title='bbox 1551 1226 1570 1263; x_wconf 84' lang='grc' dir='ltr'><em>ὁ</em></span> <span class='ocrx_word' id='word_1_123' title='bbox 1606 1223 1820 1276; x_wconf 77' lang='grc' dir='ltr'>Φιλόξενος</span> 
     </span>
     <span class='ocr_line' id='line_1_17' title="bbox 317 1281 1011 1332; baseline -0.004 -11"><span class='ocrx_word' id='word_1_124' title='bbox 317 1282 412 1320; x_wconf 65' lang='lat' dir='ltr'>“Au</span> <span class='ocrx_word' id='word_1_125' title='bbox 435 1282 554 1331; x_wconf 55' lang='lat'>‘540⁹’</span> <span class='ocrx_word' id='word_1_126' title='bbox 577 1281 655 1331; x_wconf 67' lang='grc' dir='ltr'>ἔφη</span> <span class='ocrx_word' id='word_1_127' title='bbox 682 1282 758 1329; x_wconf 50' lang='grc' dir='ltr'>(μὴ</span> <span class='ocrx_word' id='word_1_128' title='bbox 780 1282 896 1332; x_wconf 81' lang='grc' dir='ltr'>πωλῇ</span> <span class='ocrx_word' id='word_1_129' title='bbox 919 1281 1011 1319; x_wconf 83' lang='grc' dir='ltr'>τις.’</span> 
     </span>
    </p>
   </div>
   <div class='ocr_carea' id='block_1_5' title="bbox 367 1513 1598 1656">
    <p class='ocr_par' dir='ltr' id='par_1_6' title="bbox 367 1513 1598 1656">
     <span class='ocr_line' id='line_1_18' title="bbox 1039 1513 1101 1560; baseline 0 0"><span class='ocrx_word' id='word_1_130' title='bbox 1039 1513 1101 1560; x_wconf 82' lang='lat'>14</span> 
     </span>
     <span class='ocr_line' id='line_1_19' title="bbox 367 1601 1598 1656; baseline -0.003 -11"><span class='ocrx_word' id='word_1_131' title='bbox 367 1605 479 1646; x_wconf 82' lang='lat' dir='ltr'><strong>Ibid.</strong></span> <span class='ocrx_word' id='word_1_132' title='bbox 501 1607 540 1647; x_wconf 76' lang='lat'>2.</span> <span class='ocrx_word' id='word_1_133' title='bbox 562 1605 656 1646; x_wconf 84' lang='lat' dir='ltr'>35d</span> <span class='ocrx_word' id='word_1_134' title='bbox 678 1606 736 1656; x_wconf 90' lang='grc' dir='ltr'>[π.</span> <span class='ocrx_word' id='word_1_135' title='bbox 764 1606 889 1655; x_wconf 78' lang='grc' dir='ltr'>οἴνου]</span> <span class='ocrx_word' id='word_1_136' title='bbox 922 1607 941 1644; x_wconf 85' lang='grc' dir='ltr'>ὁ</span> <span class='ocrx_word' id='word_1_137' title='bbox 963 1604 1004 1644; x_wconf 82' lang='grc' dir='ltr'>δὲ</span> <span class='ocrx_word' id='word_1_138' title='bbox 1029 1603 1218 1656; x_wconf 79' lang='grc' dir='ltr'>Κυθήριος</span> <span class='ocrx_word' id='word_1_139' title='bbox 1239 1601 1449 1654; x_wconf 73' lang='grc' dir='ltr'>Φιλόξενος</span> <span class='ocrx_word' id='word_1_140' title='bbox 1469 1603 1598 1655; x_wconf 82' lang='grc' dir='ltr'>λέγει·</span> 
     </span>
    </p>
   </div>
   <div class='ocr_carea' id='block_1_6' title="bbox 695 1699 1442 1772">
    <p class='ocr_par' dir='ltr' id='par_1_7' title="bbox 695 1699 1442 1772">
     <span class='ocr_line' id='line_1_20' title="bbox 695 1699 1442 1772; baseline -0.005 -17"><span class='ocrx_word' id='word_1_141' title='bbox 695 1700 940 1772; x_wconf 81' lang='grc' dir='ltr'>εὐρείτας</span> <span class='ocrx_word' id='word_1_142' title='bbox 971 1699 1112 1758; x_wconf 79' lang='grc' dir='ltr'>οἶνος</span> <span class='ocrx_word' id='word_1_143' title='bbox 1139 1700 1442 1769; x_wconf 80' lang='grc' dir='ltr'>πάμφωνος</span> 
     </span>
    </p>
   </div>
   <div class='ocr_carea' id='block_1_7' title="bbox 1035 1995 1095 2042">
    <p class='ocr_par' dir='ltr' id='par_1_8' title="bbox 1035 1995 1095 2042">
     <span class='ocr_line' id='line_1_21' title="bbox 1035 1995 1095 2042; baseline 0.033 -2"><span class='ocrx_word' id='word_1_144' title='bbox 1035 1995 1095 2042; x_wconf 86' lang='grc'>15</span> 
     </span>
    </p>
   </div>
   <div class='ocr_carea' id='block_1_8' title="bbox 312 2083 1816 2243">
    <p class='ocr_par' dir='ltr' id='par_1_9' title="bbox 312 2083 1816 2243">
     <span class='ocr_line' id='line_1_22' title="bbox 366 2083 1816 2139; baseline -0.003 -13"><span class='ocrx_word' id='word_1_145' title='bbox 366 2085 1031 2139; x_wconf 75' lang='lat' dir='ltr'><strong>Antig.Car.stt.Mzr.127</strong></span> <span class='ocrx_word' id='word_1_146' title='bbox 1063 2100 1096 2124; x_wconf 90' lang='grc' dir='ltr'>οι</span> <span class='ocrx_word' id='word_1_147' title='bbox 1119 2084 1277 2133; x_wconf 82' lang='grc' dir='ltr'>Δελφοὶ</span> <span class='ocrx_word' id='word_1_148' title='bbox 1309 2083 1350 2123; x_wconf 87' lang='grc' dir='ltr'>δὲ</span> <span class='ocrx_word' id='word_1_149' title='bbox 1379 2083 1575 2132; x_wconf 87' lang='grc' dir='ltr'>λέγουσιν</span> <span class='ocrx_word' id='word_1_150' title='bbox 1605 2083 1668 2122; x_wconf 82' lang='grc' dir='ltr'>οτι</span> <span class='ocrx_word' id='word_1_151' title='bbox 1698 2084 1816 2132; x_wconf 78' lang='grc' dir='ltr'>ἐντῷ</span> 
     </span>
     <span class='ocr_line' id='line_1_23' title="bbox 313 2137 1811 2192; baseline -0.003 -11"><span class='ocrx_word' id='word_1_152' title='bbox 313 2142 540 2192; x_wconf 83' lang='grc' dir='ltr'>Παρνάσσῳ</span> <span class='ocrx_word' id='word_1_153' title='bbox 563 2140 665 2181; x_wconf 84' lang='grc' dir='ltr'>κατά</span> <span class='ocrx_word' id='word_1_154' title='bbox 696 2156 807 2181; x_wconf 80' lang='grc' dir='ltr'>τινας</span> <span class='ocrx_word' id='word_1_155' title='bbox 829 2140 1002 2191; x_wconf 83' lang='grc' dir='ltr'>χρόνους</span> <span class='ocrx_word' id='word_1_156' title='bbox 1027 2141 1076 2178; x_wconf 81' lang='grc' dir='ltr'>τὸ</span> <span class='ocrx_word' id='word_1_157' title='bbox 1106 2138 1256 2189; x_wconf 88' lang='grc' dir='ltr'>Κωρύκ</span> <span class='ocrx_word' id='word_1_158' title='bbox 1262 2156 1306 2178; x_wconf 93' lang='grc' dir='ltr'>ον</span> <span class='ocrx_word' id='word_1_159' title='bbox 1327 2138 1538 2188; x_wconf 85' lang='grc' dir='ltr'>φαινεσθαι</span> <span class='ocrx_word' id='word_1_160' title='bbox 1559 2137 1811 2187; x_wconf 85' lang='grc' dir='ltr'>χρυσοειδές.</span> 
     </span>
     <span class='ocr_line' id='line_1_24' title="bbox 312 2190 1778 2243; baseline -0.002 -7"><span class='ocrx_word' id='word_1_161' title='bbox 312 2199 371 2236; x_wconf 80' lang='grc' dir='ltr'>διὸ</span> <span class='ocrx_word' id='word_1_162' title='bbox 394 2197 458 2235; x_wconf 80' lang='grc' dir='ltr'>καὶ</span> <span class='ocrx_word' id='word_1_163' title='bbox 489 2199 562 2235; x_wconf 80' lang='grc' dir='ltr'>τὸν</span> <span class='ocrx_word' id='word_1_164' title='bbox 583 2195 796 2243; x_wconf 77' lang='grc' dir='ltr'>Φιλόξενον</span> <span class='ocrx_word' id='word_1_165' title='bbox 817 2194 945 2235; x_wconf 79' lang='grc' dir='ltr'>οὐδεὶς</span> <span class='ocrx_word' id='word_1_166' title='bbox 961 2196 1009 2234; x_wconf 70' lang='grc' dir='ltr'>ἂν</span> <span class='ocrx_word' id='word_1_167' title='bbox 1031 2195 1311 2243; x_wconf 83' lang='grc' dir='ltr'>εικονολογεΐν</span> <span class='ocrx_word' id='word_1_168' title='bbox 1330 2210 1364 2233; x_wconf 83' lang='grc' dir='ltr'>ει</span> <span class='ocrx_word' id='word_1_169' title='bbox 1352 2197 1434 2234; x_wconf 88' lang='grc' dir='ltr'>ποι</span> <span class='ocrx_word' id='word_1_170' title='bbox 1455 2190 1618 2242; x_wconf 79' lang='grc' dir='ltr'>λέγονθ’</span> <span class='ocrx_word' id='word_1_171' title='bbox 1639 2193 1778 2233; x_wconf 85' lang='grc' dir='ltr'>ουτως·</span> 
     </span>
    </p>
   </div>
   <div class='ocr_carea' id='block_1_9' title="bbox 456 2300 1608 2447">
    <p class='ocr_par' dir='ltr' id='par_1_10' title="bbox 456 2300 1608 2447">
     <span class='ocr_line' id='line_1_25' title="bbox 456 2300 1237 2371; baseline -0.001 -17"><span class='ocrx_word' id='word_1_172' title='bbox 456 2303 613 2354; x_wconf 83' lang='grc' dir='ltr'>αὐτοὶ</span> <span class='ocrx_word' id='word_1_173' title='bbox 642 2300 747 2371; x_wconf 69' lang='grc' dir='ltr'>’γὰρ</span> <span class='ocrx_word' id='word_1_174' title='bbox 776 2300 864 2354; x_wconf 77' lang='grc' dir='ltr'>δια</span> <span class='ocrx_word' id='word_1_175' title='bbox 893 2302 1237 2368; x_wconf 86' lang='grc' dir='ltr'>Παρνασσου</span> 
     </span>
     <span class='ocr_line' id='line_1_26' title="bbox 456 2370 1608 2447; baseline -0.003 -22"><span class='ocrx_word' id='word_1_176' title='bbox 456 2374 815 2447; x_wconf 81' lang='grc' dir='ltr'>χρυσορόφου</span> <span class='ocrx_word' id='word_1_177' title='bbox 847 2373 1127 2441; x_wconf 83' lang='grc' dir='ltr'>Νυμφέων</span> <span class='ocrx_word' id='word_1_178' title='bbox 1156 2396 1286 2426; x_wconf 82' lang='grc' dir='ltr'>εισω</span> <span class='ocrx_word' id='word_1_179' title='bbox 1316 2370 1608 2437; x_wconf 74' lang='grc' dir='ltr'>θαλάμου1</span> 
     </span>
    </p>
   </div>
   <div class='ocr_carea' id='block_1_10' title="bbox 311 2517 1815 2628">
    <p class='ocr_par' dir='ltr' id='par_1_11' title="bbox 311 2517 1815 2628">
     <span class='ocr_line' id='line_1_27' title="bbox 367 2517 1815 2574; baseline -0.003 -11"><span class='ocrx_word' id='word_1_180' title='bbox 367 2522 380 2546; x_wconf 80' lang='lat'>¹</span> <span class='ocrx_word' id='word_1_181' title='bbox 420 2524 480 2563; x_wconf 83' lang='lat' dir='ltr'>E:</span> <span class='ocrx_word' id='word_1_182' title='bbox 528 2536 615 2562; x_wconf 79' lang='lat' dir='ltr'>mss</span> <span class='ocrx_word' id='word_1_183' title='bbox 654 2521 922 2574; x_wconf 81' lang='grc' dir='ltr'>χρυσορόφων</span> <span class='ocrx_word' id='word_1_184' title='bbox 966 2529 1014 2561; x_wconf 92' lang='grc' dir='ltr'>Ν.</span> <span class='ocrx_word' id='word_1_185' title='bbox 1057 2539 1085 2561; x_wconf 89' lang='grc' dir='ltr'>ε.</span> <span class='ocrx_word' id='word_1_186' title='bbox 1135 2521 1351 2571; x_wconf 74' lang='grc' dir='ltr'>θαλάμωνε</span> <span class='ocrx_word' id='word_1_187' title='bbox 1395 2519 1501 2559; x_wconf 87' lang='lat' dir='ltr'>Wil.</span> <span class='ocrx_word' id='word_1_188' title='bbox 1544 2517 1815 2571; x_wconf 84' lang='grc' dir='ltr'>χρυσορόφων</span> 
     </span>
     <span class='ocr_line' id='line_1_28' title="bbox 311 2577 864 2628; baseline -0.004 -11"><span class='ocrx_word' id='word_1_189' title='bbox 311 2579 518 2628; x_wconf 84' lang='grc' dir='ltr'>νυμφαίων</span> <span class='ocrx_word' id='word_1_190' title='bbox 548 2581 643 2617; x_wconf 75' lang='grc' dir='ltr'>εἴσω</span> <span class='ocrx_word' id='word_1_191' title='bbox 676 2577 864 2627; x_wconf 81' lang='grc' dir='ltr'>θαλάμων</span> 
     </span>
    </p>
   </div>
   <div class='ocr_carea' id='block_1_11' title="bbox 312 2672 407 2716">
    <p class='ocr_par' dir='ltr' id='par_1_12' title="bbox 312 2672 407 2716">
     <span class='ocr_line' id='line_1_29' title="bbox 312 2672 407 2716; baseline -0.011 0"><span class='ocrx_word' id='word_1_192' title='bbox 312 2672 407 2716; x_wconf 88' lang='grc'>394</span> 
     </span>
    </p>
   </div>
  </div>
 </body>
</html>
