1900 3072
729 246 915 294 LYRA
967 249 1246 299 GRAECA

259 370 375 422 ἀντ.
398 370 440 435 ζ’
517 372 658 427 τόσα
689 377 995 450 Παν[θέι’δᾳ
1023 382 1308 452 κλυτό]το-
1332 386 1349 416 ¹

450 447 539 512 ξος
564 445 869 504 Ἀπόλλων
899 452 1123 508 ὤπασεν

453 518 596 587 ἀμφί
622 518 666 572 τ’
694 520 911 597 ἰατορίᾳ

332 600 410 640 150
451 590 634 657 ξείνων
664 616 723 646 τε
748 600 1009 666 φιλάνορι
1038 605 1183 674 τιμᾷ·

449 663 505 715 εὖ
534 663 589 716 δὲ
614 668 811 737 λαχὼν
837 672 1093 740 Χαρίτων

451 742 682 795 πολλοῖς
710 762 767 793 τε
794 742 1133 811 θαυμασθεὶς
1159 750 1382 817 βροτῶν

448 807 596 861 αἰῶν’
625 811 824 867 ἔλυσεν
852 815 1012 869 πέντε
1041 824 1168 871 παῖ-

445 880 539 938 δας
565 887 926 952 μεγαινήτους
953 892 1153 944 λιπών·

301 953 386 1005 ἐπ.
410 951 458 1018 ζ’
517 959 624 1008 τῶν
653 958 744 1011 ἕνα
771 960 824 1012 οἱ
854 964 1119 1031 Κρονίδας

327 1037 405 1076 156
447 1026 715 1097 ὑψίζυγος
741 1031 1109 1102 Ἰσθμιόνικον

439 1099 601 1166 θῆκεν
629 1103 744 1156 ἀντ’
773 1107 1101 1176 εὐεργεσιᾶν,
1127 1118 1383 1184 λιπαρῶν
1412 1116 1456 1168 τ’
1487 1117 1587 1170 ἄλ-

437 1179 550 1226 λων
578 1177 867 1246 στεφάνων
893 1181 1189 1251 ἐπίμοιρον.

436 1246 580 1315 φαμὶ
606 1250 699 1302 καὶ
727 1251 891 1320 φάσω
917 1253 1183 1322 μέγιστον

319 1328 399 1369 160
437 1319 595 1376 κῦδος
622 1321 770 1394 ἔχειν
798 1325 1016 1393 ἀρετάν·
1058 1334 1229 1384 πλοῦ-

435 1413 525 1448 τος
553 1391 605 1445 δὲ
634 1395 727 1449 καὶ
756 1395 1022 1454 δειλοῖσιν
1049 1402 1355 1474 ἀνθρώπων
1383 1406 1605 1476 ὁμιλεῖ,2

241 1525 361 1572 στρ.
381 1503 427 1570 η’
507 1507 683 1562 ἐθέλει
712 1510 752 1562 δ’
782 1514 967 1582 αὔξειν
996 1517 1194 1586 φρένας
1224 1521 1313 1573 ἁν-

434 1577 570 1648 δρός,
601 1580 625 1634 ὁ
657 1581 700 1634 δ’
729 1585 786 1637 εὖ
815 1586 983 1655 ἔρδων
1012 1591 1164 1648 θεοὺς

433 1652 616 1707 ἐλπίδι
644 1656 942 1732 κυδροτέρᾳ

320 1735 396 1773 165
438 1725 614 1780 σαίνει
641 1728 790 1799 κέαρ·
834 1733 878 1785 εἰ
908 1733 950 1786 δ’
980 1735 1184 1803 ὑγιείας

430 1798 625 1857 θνατὸς
653 1801 752 1855 ἐὼν
780 1804 999 1877 ἔλαχεν,

432 1872 580 1936 ζώειν
609 1874 654 1925 τ’
683 1874 778 1927 ἀπ’
806 1878 1016 1932 οἰκείων
1042 1881 1173 1953 ἔχει,

428 1945 660 2013 πρώτοις
687 1948 859 2017 ἐρίζει·
901 1957 1071 2006 παντί
1095 1979 1178 2008 τοι

428 2016 624 2087 τέρψις
652 2019 956 2091 ἀνθρώπων
982 2027 1092 2097 ,Βίῳ

244 2087 421 2152 ἁντ.η’
501 2090 693 2145 ἕπεται
721 2094 918 2165 νόσφιν
946 2122 1008 2164 γε
1035 2099 1208 2155 νόσων
1229 2103 1250 2135 3

306 2171 382 2214 171
424 2162 614 2221 πενίας
645 2165 690 2217 τ’
721 2167 1024 2239 ἀμαχάνου.

424 2233 546 2288 ἶσον
574 2236 602 2289 ὅ
629 2236 674 2289 τ’
704 2241 897 2309 ἀφνεὸς
926 2243 967 2295 ι’-

421 2307 589 2377 μείρει
615 2314 870 2378 μεγάλων
898 2316 927 2368 ὅ
953 2339 1010 2370 τε
1035 2317 1199 2385 μείων

422 2382 791 2451 παυροτέρων·
833 2387 895 2440 τὸ
924 2389 978 2442 δὲ
1005 2392 1138 2443 πάν-

305 2463 382 2501 175
422 2475 530 2505 των
556 2455 804 2525 εὐμαρεῖν
832 2461 984 2513 οὐδὲν
1010 2466 1190 2530 γλυκὺ

421 2525 714 2589 θνατοῖσιν,
743 2531 873 2583 ἀλλ’
901 2534 1005 2586 αἰεὶ
1034 2536 1102 2588 τὰ
1130 2538 1254 2607 φεύ-

417 2620 585 2663 γοντα
614 2598 856 2666 δίζηνται
883 2611 1073 2676 κιχεῖν.

201 2711 217 2740 1
231 2712 288 2756 32
