1900 3072
802 214 988 261 LYRA
1038 214 1316 263 GRAECA

378 344 585 408 Satyrus
619 344 708 393 Vir.
743 344 856 393 Eur.
895 344 979 393 Ox.
1013 344 1135 407 Pap.
1167 346 1308 394 1176.
1337 347 1415 393 39.
1445 347 1545 390 xxii
1584 366 1587 368 ·
1620 343 1807 410 [κατα-

303 416 694 485 φρονουμένου]
716 415 737 447 1
776 418 871 467 τοῦ
904 414 1173 482 Τιμοθέου
1201 414 1356 484 παρὰ
1385 419 1497 471 τοῖς
1526 413 1807 482 ”Ελλησιν

306 487 394 541 διὰ
434 487 531 554 τὴν
572 489 625 541 ἐν
666 492 731 557 τῇ
771 490 1011 555 μουσικῇ
1051 487 1489 556 καινοπ[ο]ιίαν2
1540 489 1632 542 καὶ
1685 489 1807 542 καθ’

305 559 625 631 ὑπερβολὴν
681 560 1070 627 ἀθυμήσαντος
1124 559 1266 613 ὥστε
1320 562 1412 613 καὶ
1467 560 1562 617 τὰς
1615 565 1739 632 χεῖρ
1708 584 1805 631 ρας

307 634 482 704 ἑαυτῷ
512 633 858 700 διε1νωκέναι
893 631 1243 702 προσφέρειν,
1272 632 1431 701 μόνος
1468 633 1808 704 Εὐριπίδης3

305 706 586 759 ἀνάπαλιν
626 709 732 758 τῶν
770 706 866 773 μὲν
906 705 1115 759 θεατῶν
1157 706 1562 772 καταγελάσαι,
1605 706 1699 759 τὸν
1751 706 1808 760 δὲ

303 778 567 846 Τιμόθεον
615 778 941 846 αἰσθόμενος
988 778 1177 845 ἡλίκος
1224 779 1376 832 ἐστιν
1430 780 1484 831 ἐν
1530 784 1604 849 τῷ
1651 778 1808 847 Ύένει,

305 851 829 922 παραμυθησασθαί
870 874 928 905 ἰε
968 849 1168 920 λόγους
1215 851 1423 919 διεξιὼν
1469 853 1536 908 ὡς
1589 851 1700 905 οἶόν
1750 875 1808 906 τε

305 925 928 993 παρακλητικωτάτους,
958 923 1049 976 καὶ
1089 923 1153 991 δὴ
1194 924 1284 976 καὶ
1326 923 1386 976 τὸ
1427 927 1534 977 τῶν
1571 926 1807 1013 Περσῶν

306 997 592 1065 προοίμιον
621 998 972 1087 συγγράψαι,
992 1001 1066 1066 τῷ
1085 996 1106 1029 4
1133 1019 1190 1050 τε
1217 1001 1443 1062 νικῆσαι
1472 995 1807 1051 παύσασθαι

304 1069 816 1140 καταφροιούμενόν
849 1071 1012 1138 [φασι
1041 1068 1195 1138 τὸ]νὸ
1223 1069 1513 1137 Τι[μόθεον
1554 1110 1565 1122 .
1607 1111 1619 1123 .
1663 1111 1673 1124 .

379 1185 509 1234 Plut.
549 1186 624 1231 An
661 1185 769 1232 Seni
805 1187 866 1234 23
942 1184 1083 1236 οὕτω
1122 1182 1178 1236 δὲ
1216 1183 1309 1237 καὶ
1349 1182 1612 1277 Τιμόθεον
1650 1185 1809 1254 Εὐρι-

305 1256 464 1322 πίδης
500 1254 890 1325 συριττόμενον
925 1256 1017 1309 ἐπὶ
1054 1261 1119 1326 τῇ
1156 1254 1480 1329 καινοτομία
1505 1257 1599 1310 καὶ
1627 1279 1805 1327 παρα-

304 1333 486 1397 νομεῖν
506 1328 577 1386 εἰς
599 1352 697 1395 την
713 1328 982 1417 μουσικὴν
1001 1328 1267 1383 δοκοῦντα
1286 1311 1504 1400 θαρρεῖν
1521 1327 1806 1383 ἐκέλευσεν

306 1404 374 1459 ὡς
403 1400 596 1470 ὁλιὙου
624 1403 824 1473 χρόνον
852 1406 957 1455 τῶν
986 1402 1230 1470 θεάτρων
1268 1403 1355 1455 ὑπ’
1396 1403 1543 1472 αὐτῷ
1578 1425 1804 1471 «γενησο-

301 1474 488 1543 μένων.

379 1590 506 1638 Ibid
537 1590 664 1638 Mus,
694 1592 757 1638 30
833 1587 1026 1654 ὁμοίως
1075 1589 1130 1642 δὲ
1170 1592 1265 1642 καὶ
1308 1588 1741 1655 Μελανιππίδης
1781 1587 1806 1642 ὁ

303 1659 601 1729 μελοποιὸς
662 1660 1037 1730 ἐπιγενόμενος
1098 1663 1193 1715 οὐκ
1245 1662 1474 1730 ἐνέμεινε
1525 1666 1591 1732 τῇ
1644 1668 1807 1733 πρού-

305 1732 603 1804 παρχούσῃ
666 1739 921 1805 μουσικῇ,
977 1732 1105 1788 ἀλλ’
1171 1734 1293 1787 ουδὲ
1342 1733 1636 1802 Φιλόξενος
1686 1733 1809 1787 οὐδὲ

302 1806 581 1874 Τιμόθεος·
651 1806 808 1864 οὗτος
871 1807 976 1874 «γὰρ
1042 1806 1437 1877 ἑπταφθόγγου
1489 1812 1583 1874 τῆς
1632 1807 1807 1878 λύρας

305 1878 669 1949 ὑπαρχούσης
703 1880 799 1936 ἕως
835 1880 904 1937 εἰς
931 1878 1401 1946 Ἄριστοκλείδην,
1430 1878 1521 1933 τὸν
1560 1880 1805 1948 Γερπάν-

305 1952 480 2019 δρειον
518 1950 671 2005 τόνον
712 1951 1031 2023 διέρριψενὸ
1082 1953 1155 2009 εἰς
1206 1952 1465 2010 πλείονας
1508 1952 1807 2022 φθόγγους.

305 2023 459 2076 ἀλλὰ
508 2023 615 2093 «γὰρ
667 2025 760 2078 καὶ
812 2024 1084 2091 αὐλητικὴ
1137 2023 1231 2095 ἀφ’
1285 2024 1678 2095 ἁπλουστέρας
1731 2024 1806 2083 εἰς

305 2095 712 2188 ποικιλωτέραν
774 2097 1132 2165 μεταβέβηκε
1194 2096 1482 2163 μουσικήν·
1572 2096 1633 2150 τὸ
1699 2096 1806 2167 «γὰρ

306 2167 565 2229 παλαιόν,
609 2170 705 2226 ἕως
758 2171 830 2227 εἰς
884 2168 1321 2235 Μελανιππίδην
1372 2169 1465 2222 τὸν
1515 2172 1622 2222 τῶν
1661 2168 1804 2223 διθυ-

303 2242 538 2310 ράμβων
573 2243 822 2309 ποιητήν,
852 2241 1204 2310 συμβεβηκει
1232 2240 1356 2300 τοὺς
1383 2240 1628 2307 αὐλητὰς
1654 2241 1806 2311 παρὰ

305 2317 410 2366 τῶν
462 2318 708 2378 ποιητῶν
758 2314 1071 2381 λαμβάνειν
1124 2314 1248 2372 τοὺς
1298 2314 1547 2382 μισθούς,
1587 2336 1805 2383 πρωτα-

302 2409 379 2454 Ὑω
386 2386 676 2451 νιστούσης
694 2386 947 2452 δηλονότι
967 2392 1061 2454 τῆς
1077 2386 1349 2454 ποιήσεως
1366 2390 1472 2440 τῶν
1489 2386 1533 2439 δ’
1550 2386 1808 2453 αὐλητῶν

359 2530 375 2554 ²
404 2531 454 2580 E,
490 2545 562 2581 eff.
728 2530 745 2555 ²
775 2531 850 2571 the
890 2549 911 2572 ν
949 2545 1086 2571 seems
1127 2535 1173 2571 to
1212 2531 1266 2571 be
1305 2530 1448 2571 added
1488 2530 1626 2571 above
1664 2530 1740 2570 the
1781 2547 1806 2570 α

304 2585 320 2608 ³
349 2583 520 2635 λέγεται
541 2599 679 2625 seems
699 2590 746 2625 to
767 2586 878 2625 have
899 2586 1033 2626 fallen
1055 2590 1147 2635 oub,
1167 2585 1224 2626 cf.
1246 2586 1303 2626 ix.
1323 2587 1371 2626 31
1501 2586 1516 2609 ⁴
1547 2584 1639 2624 Wil
1657 2601 1665 2625 :
1697 2598 1797 2637 pap.

308 2667 399 2714 282
