1900 3072
810 151 993 197 LYRA
1046 151 1323 198 GRAECA

1047 282 1075 328 2

363 369 469 411 Ath.
499 371 560 411 15.
578 369 699 410 692d
757 371 842 409 ἐπεὶ
866 369 898 409 δ’
921 371 1094 410 ἐνταῦθα
1114 372 1187 409 τοῦ
1208 367 1336 420 λόγου
1359 369 1496 419 ἐσμέν,

470 454 878 524 Συμβαλοῦμαί
905 478 958 509 τι
983 455 1148 521 μέλος
1177 456 1302 524 ὑμῖν
1329 454 1401 512 εἰς
1426 454 1664 524 ’Έρωτα,

307 561 410 600 κατὰ
430 561 502 600 τὸν
525 560 719 611 Κυθήριον
737 559 925 608 ποιητήν.

1006 741 1110 798 3,4

359 830 433 868 ΑΓ.
461 829 574 867 Plut.
600 828 680 868 290
738 834 938 868 ΚΑΡΙΩΝ.
965 831 1029 867 καὶ
1058 829 1138 878 μὴν
1168 830 1248 878 ἐγὼ
1278 827 1537 878 βουλήσομαι
1561 829 1807 878 θρεττανελὸ

303 885 374 922 τὸν
415 883 619 922 Κύκλωπα
644 884 649 932 Ι
674 882 914 934 μιμούμενος
953 885 1018 923 καὶ
1058 887 1145 923 τοῖν
1177 887 1318 923 ποδοῖν
1352 885 1420 922 ὡδὶ
1457 881 1800 938 παρενσαλεύων]

304 941 402 989 ὑμᾶς
423 939 550 989 ἄγειν.
578 936 584 990 Ι
611 940 708 977 ἀλλ’
730 939 791 978 εἶα
810 938 932 979 τέκεα
953 938 1084 989 θαμίν’
1109 941 1415 984 ἐπαναβοῶντες
1440 938 1445 989 Ι
1472 938 1741 990 βληχώμενοί
1757 954 1804 978 τε

301 993 533 1045 προβατίων
558 994 562 1045 l
591 994 715 1044 αἰγῶν
748 1009 795 1032 τε
825 996 1106 1046 κιναβρώντων
1137 995 1247 1044 μέλη
1273 993 1278 1045 Ι
1306 993 1442 1034 ἕπεσθ’
1478 993 1802 1047 ἀπεψωλημένοι·

300 1050 445 1101 τράγοι
467 1053 499 1089 δ’
521 1051 792 1101 ἀκρατιεῖσθε.

355 1134 454 1175 Seh.
484 1137 540 1175 ad
571 1136 641 1174 loc.
675 1133 745 1184 (α’)
778 1137 1023 1186 θρεττανελὸ
1053 1136 1127 1175 τὸν
1157 1135 1372 1175 Κύκλωπα·
1407 1165 1415 1174 .
1449 1166 1457 1174 .
1492 1166 1500 1174 .
1530 1138 1655 1176 τοῦτο
1685 1134 1726 1175 δὲ
1757 1137 1802 1176 ἐκ

302 1190 523 1230 Κύκλωπος
561 1191 776 1240 Φιλοξένου
816 1191 920 1231 ἐστί·
970 1191 1166 1237 πεποίηκε
1203 1191 1282 1243 γὰρ
1321 1189 1440 1231 οὗτος
1486 1192 1559 1231 τὸν
1599 1191 1803 1231 Κύκλωπα

300 1245 551 1298 κιθαρίζοντα
583 1277 589 1284 .
624 1277 631 1285 .
666 1275 674 1283 .
707 1244 880 1296 διασύρει
903 1245 944 1284 δὲ
966 1246 1181 1297 Φιλόξενον
1200 1249 1274 1286 τὸν
1293 1245 1499 1298 τραγικόν,
1523 1248 1568 1287 ὃς
1598 1247 1801 1298 εἰσήγαγε

299 1301 550 1352 κιθαρίζοντα
570 1302 643 1340 τὸν
666 1301 928 1351 Πολύφημον.
986 1303 1036 1340 τὸ
1059 1305 1101 1340 δὲ

890 1396 1221 1465 θρεττανελὸ

293 1514 409 1553 ποιὸν
428 1512 554 1564 μέλος
576 1514 639 1553 καὶ
663 1511 903 1565 κρουμάτιόν
925 1515 1027 1553 ἐστι·
1060 1514 1109 1552 τὸ
1131 1512 1173 1552 δὲ

1083 1607 1192 1626 79³

504 1606 634 1662 ἀλλ’
664 1607 748 1662 εἶα
775 1607 933 1662 τέκεα
963 1608 1125 1677 θαμιν
1168 1610 1590 1673 επαναβοῶντες

297 1726 341 1764 ἐκ
370 1726 442 1764 τοῦ
465 1723 687 1764 Κύκλωπος
709 1722 923 1774 Φιλοξένου
956 1724 1059 1764 ἐστί.
1118 1722 1331 1774 Φιλόξενον
1360 1724 1433 1762 τὸν
1463 1725 1795 1774 διθυραμβοποιὺν

294 1779 485 1832 διασύρει,
506 1782 552 1819 ὃς
573 1780 723 1830 ἔγραψε
743 1780 816 1819 τὸν
838 1779 963 1830 ἔρωτα
993 1783 1066 1818 τοῦ
1091 1779 1309 1818 Κύκλωπος
1329 1779 1402 1816 τὸν
1419 1779 1482 1818 ἐπὶ
1502 1781 1553 1830 τῇ
1576 1780 1790 1831 Γαλατείᾳ·

295 1835 383 1874 εἶτα
407 1836 568 1885 κιθάρας
589 1835 696 1886 ἦχον
725 1835 963 1885 μιμούμενος
995 1837 1036 1873 ἐν
1065 1838 1124 1886 τῷ
1154 1833 1457 1885 συγγράμματι,
1478 1832 1603 1873 τοῦτό
1622 1842 1723 1884 φησι
1743 1835 1792 1873 τὸ

293 1892 397 1940 ῥῆμα
418 1889 676 1941 θρεττανελό.
736 1892 820 1929 ἐκεῖ
846 1891 925 1941 γὰρ
953 1889 1112 1939 εἰσάγει
1132 1891 1204 1928 τὸν
1229 1888 1429 1929 Κύκλωπα
1449 1887 1698 1940 κιθαρίζοντα
1726 1890 1790 1929 καὶ

292 1944 520 1994 ἐρεθίζοντα
540 1946 616 1991 τὴν
646 1945 1022 1995 runcinam—(6¹)
1052 1948 1071 1983 ὁ
1102 1943 1311 1994 Φιλόξενος
1342 1947 1362 1983 ὁ
1393 1945 1719 1995 διθυραμβοποιὸς
1750 1947 1792 1984 ἐν

292 2000 458 2052 Σικελίᾳ
489 2000 538 2048 ἧν
566 2001 670 2050 παρὰ
702 2000 912 2051 Διονυσίῳ.
971 2000 1144 2050 λέγουσι
1174 1998 1216 2038 δὲ
1252 2001 1314 2039 ὅτι
1349 1999 1449 2039 ποτὲ
1480 1999 1681 2050 Γαλατείᾳ
1709 2001 1787 2039 τινὶ

289 2055 515 2095 παλλακίδι
551 2055 765 2095 Διονυσίου
795 2054 1045 2105 προσέβαλε·
1093 2055 1156 2094 καὶ
1188 2057 1324 2103 μαθὼν
1360 2054 1572 2095 Διονύσιος
1603 2055 1791 2106 ἐξώρισεν

290 2111 413 2149 αὐτὸν
453 2110 509 2149 εἰς
548 2111 760 2161 λατομίαν.
820 2113 961 2161 φυγὼν
999 2108 1042 2148 δὲ
1077 2112 1228 2149 ἐκεῖθεν
1259 2108 1386 2156 ἦλθεν
1425 2110 1481 2149 εἰς
1519 2111 1572 2150 τὰ
1607 2109 1678 2161 ὄρη
1707 2114 1790 2149 τῶν

293 2165 480 2216 Κυθήρων
501 2165 563 2204 καὶ
597 2168 681 2205 ἐκεῖ
709 2168 836 2216 δρᾶμα
867 2168 939 2213 τὴν
971 2164 1198 2204 Γαλατείαν
1227 2164 1435 2212 ἐποίησεν,
1458 2166 1500 2204 ἐν
1521 2164 1550 2216 ᾧ
1571 2164 1801 2216 εἰσήνεγκε

289 2222 362 2259 τὸν
394 2219 597 2260 Κύκλωπα
631 2222 780 2270 ἐρῶντα
811 2223 886 2267 τῆς
920 2220 1157 2267 Γαλατείας,
1190 2223 1314 2258 τοῦτο
1346 2219 1388 2258 δὲ
1422 2218 1698 2268 αἰνιττόμενος
1731 2221 1788 2260 εἰς

289 2275 515 2314 Διονύσιον·
559 2276 754 2315 ἀπείκασε
785 2276 863 2328 γὰρ
895 2277 1018 2315 αὐτὸν
1049 2279 1105 2325 τῷ
1143 2274 1347 2322 Κύκλωπι,
1383 2275 1470 2314 ἐπεὶ
1509 2275 1570 2315 καὶ
1610 2276 1731 2316 αὐτὸς
1765 2278 1786 2315 ὁ

286 2328 496 2370 Διονύσιος
518 2331 588 2370 οὐκ
609 2329 831 2381 ὠξυδόρκει.

342 2474 359 2501 ²
389 2475 443 2515 cf.
475 2477 511 2515 6.
537 2475 674 2523 2711),
698 2475 883 2515 Paroem.
912 2476 982 2515 Gr.
1007 2475 1042 2514 2.
1070 2474 1163 2522 453,
1188 2472 1302 2513 Plat.
1331 2475 1469 2525 Symp.
1498 2475 1575 2514 185
1590 2487 1627 2523 c,
1651 2473 1778 2514 Dion.

286 2529 387 2569 Hal.
424 2532 560 2581 Comp.
599 2531 634 2570 1.
658 2531 682 2570 6
794 2530 809 2554 ²
839 2529 897 2570 ef.
929 2528 1049 2570 Suid.
1085 2527 1343 2580 θρεττανελό,
1367 2528 1461 2568 Ael.
1506 2529 1617 2568 V.H.
1643 2529 1704 2568 12.
1730 2530 1783 2568 44

284 2608 381 2668 386
