1900 3072
821 553 1209 605 ΔΙΑΓΟΡΟΤ

955 678 1083 734 Βίος

335 764 418 809 An
448 763 567 808 Rau.
599 762 696 811 320

344 842 390 872 '²'
343 844 465 896 „NA
508 839 652 892 τοῦτ’
677 838 790 892 ἔστ’
818 839 987 898 ἐκειν,
1019 861 1058 890 ω
1087 837 1330 891 δέσποθ’·
1371 838 1422 891 οἱ
1445 838 1774 907 μεμυημένοι

343 912 583 966 ἐνταῦθά
611 936 720 964 που
747 910 1058 976 παίζουσιν,
1089 911 1178 969 οὓς
1207 911 1406 980 ἔφραζε
1433 916 1554 981 νῷν.

344 985 539 1057 ᾄδουσι
560 989 690 1053 γοῦν
719 984 813 1037 τὸν
833 982 1063 1054 Ἴακχον
1091 983 1256 1053 ὅνπερ
1286 983 1348 1035 δι’
1377 984 1598 1054 ἀγορᾶς.

343 1082 507 1130 Schol.
548 1081 608 1128 ad
647 1081 726 1127 loe.
798 1075 1073 1146 Διαγόρας
1114 1080 1299 1144 μελῶν
1343 1076 1574 1143 ποιητὴς
1617 1077 1774 1134 ἄθεος

271 1152 325 1209 ὃς
355 1150 448 1203 καὶ
474 1148 635 1201 καινὰ
666 1147 918 1218 δαιμόνια
948 1149 1223 1218 εἰσηγεῖτο
1246 1149 1435 1219 ὥσπερ
1465 1147 1771 1220 Σωκράτης.

275 1224 368 1276 καὶ
396 1221 421 1275 ὁ
449 1222 544 1290 μὲν
572 1220 946 1293 Ἀρίσταρχος
986 1221 1260 1290 Διαγόρου
1300 1227 1395 1276 νῦν
1428 1222 1778 1290 μνημονεύειν

270 1296 444 1367 φησὶν
472 1295 575 1365 οὐχ
617 1296 684 1350 ὡς
726 1295 948 1367 ἄδοντος
983 1295 1151 1348 αὐτοῦ
1191 1294 1314 1352 τοὺς
1354 1295 1523 1356 θεόυς,
1552 1294 1683 1347 ἀλλ’
1720 1295 1774 1348 ἐν

271 1367 517 1440 εἰρωνεία
538 1367 784 1433 κειμένου
805 1371 902 1420 τοῦ
923 1366 1111 1436 λόγου,
1134 1367 1254 1421 ἀντὶ
1276 1372 1372 1421 τοῦ
1393 1369 1776 1456 χλευάζοντος,

273 1439 689 1511 ἐξορχουμένου
783 1441 1028 1492 ἀνακινεῖ
1071 1440 1164 1494 οὖν
1212 1463 1336 1498 τους
1376 1440 1703 1506 Ἀθηναιους
1748 1439 1775 1493 ὁ

274 1512 525 1582 κωμικός·
604 1512 724 1565 ὅθεν
778 1512 872 1564 καὶ
925 1513 975 1565 οἱ
1014 1511 1301 1578 Ἀθηναῖοι
1359 1514 1426 1570 ὡς
1483 1513 1777 1584 διαχλευά-

279 1591 460 1654 ζοντος
503 1584 626 1641 τοὺς
671 1584 822 1641 θεοὺς
862 1587 1395 1656 καταψηφισάμενοι
1439 1586 1776 1656 ἀνεκήρυξαν

275 1664 350 1729 τῷ
401 1658 498 1726 μὲν
541 1658 898 1725 ἀναιρήσοντι
945 1657 1206 1726 ἀργυρίου
1261 1659 1536 1712 τάλαντον
1589 1663 1663 1728 τῷ
1719 1658 1775 1712 δὲ

279 1734 453 1797 ζῶντα
481 1730 776 1798 κομίσαντι
806 1730 918 1783 δύο.
997 1731 1211 1783 ἔπειθεν
1252 1730 1307 1784 δὲ
1348 1730 1592 1788 καὶτοὺς
1635 1732 1778 1784 Πελ-

275 1804 502 1863 λοινεῖς,1
549 1805 617 1860 ὡς
670 1802 882 1873 ἱστορεῖ
933 1803 1213 1872 Κρατερὸς
1265 1805 1319 1856 ἐν
1365 1808 1431 1873 τῇ
1477 1804 1778 1872 Συναγωγῇ

276 1881 382 1929 τῶν
417 1876 819 1945 Ψηφισμάτων.
880 1876 943 1942 ἧν
972 1876 1025 1927 δὲ
1060 1876 1214 1933 οὗτος
1242 1877 1599 1941 Τηλεκλύτου
1630 1881 1777 1936 παῖς,

278 1949 499 2015 Μηλιος·
526 1948 585 2001 τὸ
613 1947 781 2015 γένος,
811 1947 904 2001 τὸν
930 1947 1128 2018 χρόνον
1169 1947 1312 2002 κατὰ
1351 1948 1654 2018 Σιμωνίδην
1680 1949 1778 2002 καὶ

278 2020 571 2089 Πίνδαρον.
650 2019 699 2073 οἱ
741 2020 797 2073 δὲ
837 2020 898 2073 τὸ
940 2020 1005 2073 δι’
1052 2022 1251 2089 ἀγορᾶς
1292 2024 1660 2091 περισπῶσιν,
1710 2022 1779 2077 ὡς

279 2092 704 2163 Ἀπολλόδωρος
734 2092 759 2145 ὁ
787 2093 1051 2163 Ταρσέυς,
1076 2102 1199 2146 κτλ.

351 2188 475 2233 Ibid.
506 2188 588 2232 Aa.
622 2189 746 2235 1071

354 2264 480 2334 τῇδε
506 2263 689 2331 μέντοι
720 2264 924 2338 θήμερα
949 2264 1178 2332 μάλιστ’
1207 2265 1688 2354 ἐπαναγορεύεται,

353 2360 417 2403 ην
445 2336 740 2406 ἀποκτείνῃ
764 2360 842 2394 τις
874 2339 1018 2405 ὑμῶν
1045 2337 1322 2407 Διαγόραν
1351 2339 1443 2392 τὸν
1471 2339 1689 2406 Μήλιον

553 2450 568 2473 1
600 2450 657 2489 W
661 2451 717 2489 il·
711 2482 717 2489 .
751 2465 836 2490 mss
858 2453 953 2491 τοὺς
974 2452 1128 2492 ἄλλους
1151 2453 1503 2499 Πελοποννησίους

340 2541 354 2566 ¹
384 2544 458 2582 Ar.
485 2542 608 2594 prob.
634 2543 847 2583 intended
869 2544 958 2583 this
982 2544 1047 2593 (δι’
1071 2545 1237 2594 ἀγορᾶς)
1257 2560 1267 2593 ;
1296 2545 1413 2585 after
1433 2545 1510 2585 the
1525 2544 1780 2586 condemna-

281 2598 376 2637 tion
406 2597 450 2637 of
479 2597 692 2650 Diagoras
714 2597 781 2637 for
802 2597 1084 2653 disparaging
1105 2598 1181 2638 the
1203 2599 1440 2651 Mysteries
1462 2598 1661 2651 Διαγόρας
1681 2612 1784 2652 may

287 2665 345 2724 56
