1900 3072
718 182 899 230 LYRA
953 181 1231 229 GRAECA

824 312 886 360 20
913 308 1119 376 [Τυδεύς]

279 403 376 446 Sch.
401 403 477 443 Ar.
504 402 582 442 Ατ.
613 402 716 442 1536
739 399 913 451 [καὶτὴν
932 397 1153 440 Βασιλείαν
1183 414 1247 440 σοι
1266 397 1424 449 γυναῖκ’
1455 396 1570 448 ἔχειν
1599 399 1727 448 διδῷ].

226 459 499 500 σωιιατοποιεῖ
557 457 634 503 τὴν
694 453 912 495 Βασιλείαν
973 455 1072 494 αὐτὸ
1131 454 1179 494 τὸ
1227 456 1394 506 πρᾶγμα
1443 455 1494 493 ὡς
1541 455 1727 504 γυναῖκα.

226 512 457 564 Εὐφρόνιος,
484 511 545 551 ὅτι
575 511 672 550 Διὸς
693 508 910 560 θυγάτηρ”
892 526 917 558 η
939 508 1148 549 Βασιλεία.
1207 510 1271 548 καὶ
1303 510 1414 548 δοκεῖ
1441 508 1491 547 τὸ
1520 507 1624 548 κατὰ
1652 507 1730 553 τὴν

224 568 445 609 ἀθανασίαν
466 567 568 612 αὕτη
588 566 823 614 οἰκονομεῖν,
850 564 899 611 ην
931 564 1019 614 ἔχει
1049 565 1112 603 καὶ
1136 563 1241 614 παρὰ
1260 562 1535 616 Βακχυλίδῃε
1516 580 1542 611 η
1563 561 1724 610 Ἀθηνᾶ,

226 625 285 674 τῷ
302 625 421 664 Τυδεῖ
442 622 629 661 δώσουσα
648 621 724 668 τὴν
744 618 975 660 ἀθανασίαν.

767 875 826 923 21
873 870 1198 937 [Φιλοκτήτης]

284 965 380 1006 Sch.
407 963 534 1003 Pind.
560 964 606 1003 P.
633 965 666 1002 1.
696 963 773 1002 100
796 960 1048 1012 [Λαμνόθεν]·
1079 959 1207 1012 ταύτῃ
1239 961 1289 1012 τῇ
1313 959 1469 1011 ἱστορίᾳ
1489 959 1553 998 καὶ
1573 965 1733 1008 Βακχυ-

229 1022 344 1067 λίδης
367 1022 578 1070 συμφωνεῖ
598 1020 639 1056 ἐν
660 1021 744 1057 τοῖς
767 1017 1051 1067 Διθυράμβοις,
1079 1017 1140 1055 ὅτι
1163 1018 1209 1063 δὴ
1232 1016 1267 1054 οἱ
1280 1014 1486 1061 Ἓλληνες
1507 1015 1552 1054 ἐκ
1573 1013 1733 1062 Λήμνου

228 1076 551 1125 μετεστείλαντο
566 1074 639 1112 τὸν
653 1073 911 1119 Φιλοκτήτην
930 1072 1094 1111 Ἑλένου
1109 1070 1452 1120 μαντευσαμένου·
1476 1071 1640 1121 εἵμαρτο
1656 1070 1734 1119 γὰρ

230 1132 323 1169 ἄνευ
343 1133 423 1169 τῶν
443 1128 693 1179 “Ηρακλείων
713 1126 840 1179 τόξων
858 1128 913 1176 μὴ
934 1128 1175 1177 πορθηθῆιαι
1195 1123 1275 1163 ‘rb'
1279 1131 1402 1164 Ῑλιον.

955 1416 1009 1464 Δ,

759 1511 1210 1572 ΠΡΟΣΟΔΙΩΝ

951 1622 1013 1669 22

288 1712 409 1753 Stob.
428 1713 496 1752 Fl.
519 1712 605 1751 IOS.
625 1710 677 1749 ’26
692 1713 734 1757 -ξ-
749 1710 801 1749 49
822 1710 904 1758 [ὅτι
922 1711 982 1748 δεῖ
996 1708 1190 1759 γενναίως
1205 1705 1341 1758 φέρειν
1360 1706 1412 1745 τὰ
1431 1704 1740 1756 προσπίπτοντα

236 1768 352 1807 ὄντας
385 1768 610 1818 ἀνθρώπους
651 1767 714 1804 καὶ
756 1764 844 1804 κατ’
877 1764 1025 1814 ἀρετὴν
1056 1762 1128 1812 ζῆν
1163 1761 1438 1813 ὀφείλοντας]·
1480 1759 1739 1809 Βακχυλίδου

235 1822 478 1873 Προσοδίων·
498 1821 515 1845 1

325 1919 446 1967 στρ.
528 1894 677 1952 El&
650 1917 786 1987 ορος,
813 1893 913 1962 μία
939 1891 1271 1963 βροτοῖσιν2
1297 1889 1554 1962 εὐτυχίας
1582 1887 1719 1949 ὁδός,

455 1967 625 2033 θυμὸν
651 1970 806 2024 εἴτις
834 1967 976 2037 ἔχων
1005 1966 1216 2034 ἀπενθῆ
1244 1963 1474 2017 δύναται

456 2041 728 2093 διατελεῖν
754 2038 900 2103 βίον·
945 2038 1000 2096 ὃς
1029 2039 1082 2091 δὲ
1111 2035 1276 2108 μυρία
1303 2036 1399 2104 μὲν
1427 2035 1741 2104 ἀμφιπολεῖ

600 2112 771 2182 φρενί,

453 2184 514 2238 τὸ
556 2183 611 2238 δὲ
653 2184 782 2251 παρ’
809 2183 956 2254 ἃμάρ
997 2205 1054 2236 τε
1089 2184 1181 2236 καὶ
1217 2181 1387 2235 νύκτα
1422 2176 1743 2249 μελλόντων

598 2257 764 2327 χάριν

455 2328 584 2382 ἑὸν’
566 2330 828 2382 ιάπτεται
858 2328 1004 2395 κέαρ,
1034 2327 1287 2397 ἄκαρπον
1314 2325 1430 2414 ἔχει
1457 2322 1639 2378 πόνον.

339 2403 451 2455 ἀντ.
517 2400 572 2454 τί
602 2400 708 2471 ’γὰρ
735 2399 1052 2471 ε’λαφρὸνε
1014 2400 1036 2419 ”
1068 2398 1080 2416 ’
1100 2400 1121 2431 3
1149 2397 1391 2470 ἅπρακτ’
1421 2394 1742 2465 ὀδυρόμενον

600 2472 770 2528 δονεῖν
798 2471 1068 2543 καρδίαν,·
1113 2514 1122 2525 .
1163 2515 1171 2524 .
1217 2513 1227 2524 .

203 2634 207 2637 -
292 2581 307 2605 ¹
337 2594 424 2622 mss
445 2582 675 2633 προσῳδιῶν
793 2579 810 2606 ²
839 2592 927 2620 mss
948 2579 1084 2619 insert
1110 2578 1226 2622 ἐστίν
1338 2577 1355 2603 ³
1385 2587 1474 2616 mss
1494 2575 1634 2615 insert
1654 2573 1742 2613 ἐστ’

243 2654 260 2685 1
275 2653 334 2686 20
