<?xml version="1.0" encoding="UTF-8"?>
<!DOCTYPE html PUBLIC "-//W3C//DTD XHTML 1.0 Transitional//EN"
    "http://www.w3.org/TR/xhtml1/DTD/xhtml1-transitional.dtd">
<html xmlns="http://www.w3.org/1999/xhtml" xml:lang="en" lang="en">
 <head>
  <title>
</title>
<meta http-equiv="Content-Type" content="text/html;charset=utf-8" />
  <meta name='ocr-system' content='tesseract 3.04.00' />
  <meta name='ocr-capabilities' content='ocr_page ocr_carea ocr_par ocr_line ocrx_word'/>
</head>
<body>
  <div class='ocr_page' id='page_1' title='image "./lyragraecabeingr03edmouoft_0492.png"; bbox 0 0 1900 3072; ppageno 0'>
   <div class='ocr_carea' id='block_1_1' title="bbox 775 190 1290 239">
    <p class='ocr_par' dir='ltr' id='par_1_1' title="bbox 775 190 1290 239">
     <span class='ocr_line' id='line_1_1' title="bbox 775 190 1290 239; baseline -0.004 0"><span class='ocrx_word' id='word_1_1' title='bbox 775 191 960 239; x_wconf 87' lang='lat' dir='ltr'>LYRA</span> <span class='ocrx_word' id='word_1_2' title='bbox 1010 190 1290 238; x_wconf 87' lang='lat' dir='ltr'><strong>GRAECA</strong></span> 
     </span>
    </p>
   </div>
   <div class='ocr_carea' id='block_1_2' title="bbox 283 318 1788 707">
    <p class='ocr_par' dir='ltr' id='par_1_2' title="bbox 283 318 1788 707">
     <span class='ocr_line' id='line_1_2' title="bbox 286 318 1784 375; baseline 0.001 -13"><span class='ocrx_word' id='word_1_3' title='bbox 286 323 348 362; x_wconf 79' lang='grc' dir='ltr'>καὶ</span> <span class='ocrx_word' id='word_1_4' title='bbox 370 324 411 361; x_wconf 78' lang='grc' dir='ltr'>ιὁ</span> <span class='ocrx_word' id='word_1_5' title='bbox 433 326 514 362; x_wconf 87' lang='grc' dir='ltr'>τῶν</span> <span class='ocrx_word' id='word_1_6' title='bbox 534 321 627 362; x_wconf 79' lang='grc' dir='ltr'>λίαν</span> <span class='ocrx_word' id='word_1_7' title='bbox 648 325 786 373; x_wconf 80' lang='grc' dir='ltr'>σοφῶν</span> <span class='ocrx_word' id='word_1_8' title='bbox 808 321 934 374; x_wconf 74' lang='grc' dir='ltr'>ὄχλος</span> <span class='ocrx_word' id='word_1_9' title='bbox 957 318 1131 372; x_wconf 68' lang='grc' dir='ltr'>κράτων’</span> <span class='ocrx_word' id='word_1_10' title='bbox 1145 320 1160 345; x_wconf 84' lang='lat'>1</span> <span class='ocrx_word' id='word_1_11' title='bbox 1183 321 1245 361; x_wconf 81' lang='grc' dir='ltr'>καὶ</span> <span class='ocrx_word' id='word_1_12' title='bbox 1269 323 1306 361; x_wconf 79' lang='grc' dir='ltr'>οἱ</span> <span class='ocrx_word' id='word_1_13' title='bbox 1324 323 1502 363; x_wconf 63' lang='grc' dir='ltr'>’λεπτῶς</span> <span class='ocrx_word' id='word_1_14' title='bbox 1522 325 1784 375; x_wconf 81' lang='grc' dir='ltr'>μεριμνῶντες</span> 
     </span>
     <span class='ocr_line' id='line_1_3' title="bbox 285 377 1786 429; baseline 0.001 -13"><span class='ocrx_word' id='word_1_15' title='bbox 285 379 346 417; x_wconf 83' lang='grc' dir='ltr'>ὅτι</span> <span class='ocrx_word' id='word_1_16' title='bbox 380 378 454 429; x_wconf 83' lang='grc' dir='ltr'>ἄρα</span> <span class='ocrx_word' id='word_1_17' title='bbox 487 377 703 426; x_wconf 74' lang='grc' dir='ltr'>πένονται,’</span> <span class='ocrx_word' id='word_1_18' title='bbox 741 379 805 417; x_wconf 88' lang='grc' dir='ltr'>καὶ</span> <span class='ocrx_word' id='word_1_19' title='bbox 844 378 955 416; x_wconf 75' lang='grc' dir='ltr'>ἄλλα</span> <span class='ocrx_word' id='word_1_20' title='bbox 987 377 1106 429; x_wconf 84' lang='grc' dir='ltr'>μυρία</span> <span class='ocrx_word' id='word_1_21' title='bbox 1140 380 1286 427; x_wconf 81' lang='grc' dir='ltr'>σημεῖα</span> <span class='ocrx_word' id='word_1_22' title='bbox 1314 379 1486 418; x_wconf 79' lang='grc' dir='ltr'>παλαιᾶς</span> <span class='ocrx_word' id='word_1_23' title='bbox 1517 378 1786 418; x_wconf 80' lang='grc' dir='ltr'>ἐναντιώσεως</span> 
     </span>
     <span class='ocr_line' id='line_1_4' title="bbox 283 431 1786 485; baseline -0.001 -13"><span class='ocrx_word' id='word_1_24' title='bbox 283 433 451 472; x_wconf 80' lang='grc' dir='ltr'>τούτων·</span> <span class='ocrx_word' id='word_1_25' title='bbox 486 434 585 483; x_wconf 83' lang='grc' dir='ltr'>ὅμως</span> <span class='ocrx_word' id='word_1_26' title='bbox 607 434 649 473; x_wconf 79' lang='grc' dir='ltr'>δὲ</span> <span class='ocrx_word' id='word_1_27' title='bbox 672 433 857 484; x_wconf 77' lang='grc' dir='ltr'>εἰρήσθω,</span> <span class='ocrx_word' id='word_1_28' title='bbox 882 434 943 472; x_wconf 83' lang='grc' dir='ltr'>ὅτι</span> <span class='ocrx_word' id='word_1_29' title='bbox 964 433 1072 482; x_wconf 79' lang='grc' dir='ltr'>ἡμεῖς</span> <span class='ocrx_word' id='word_1_30' title='bbox 1095 448 1157 483; x_wconf 80' lang='grc' dir='ltr'>γε,</span> <span class='ocrx_word' id='word_1_31' title='bbox 1183 436 1220 471; x_wconf 78' lang='grc' dir='ltr'>εἴ</span> <span class='ocrx_word' id='word_1_32' title='bbox 1237 449 1327 472; x_wconf 89' lang='grc' dir='ltr'>τινα</span> <span class='ocrx_word' id='word_1_33' title='bbox 1349 433 1439 485; x_wconf 82' lang='grc' dir='ltr'>ἔχοι</span> <span class='ocrx_word' id='word_1_34' title='bbox 1459 431 1587 485; x_wconf 78' lang='grc' dir='ltr'>λόγον</span> <span class='ocrx_word' id='word_1_35' title='bbox 1607 435 1732 473; x_wconf 75' lang='grc' dir='ltr'>εἰπεῖν</span> <span class='ocrx_word' id='word_1_36' title='bbox 1761 432 1786 480; x_wconf 82' lang='grc' dir='ltr'>ἦ</span> 
     </span>
     <span class='ocr_line' id='line_1_5' title="bbox 284 486 1786 540; baseline -0.001 -13"><span class='ocrx_word' id='word_1_37' title='bbox 284 490 379 539; x_wconf 78' lang='grc' dir='ltr'>πρὸς</span> <span class='ocrx_word' id='word_1_38' title='bbox 405 489 551 536; x_wconf 81' lang='grc' dir='ltr'>ἡδονὴν</span> <span class='ocrx_word' id='word_1_39' title='bbox 578 489 765 536; x_wconf 84' lang='grc' dir='ltr'>ποιητικὴ</span> <span class='ocrx_word' id='word_1_40' title='bbox 788 489 851 528; x_wconf 81' lang='grc' dir='ltr'>καὶ</span> <span class='ocrx_word' id='word_1_41' title='bbox 884 489 907 536; x_wconf 84' lang='grc' dir='ltr'>ἡ</span> <span class='ocrx_word' id='word_1_42' title='bbox 936 488 1115 538; x_wconf 81' lang='grc' dir='ltr'>μίμησις,</span> <span class='ocrx_word' id='word_1_43' title='bbox 1141 488 1190 528; x_wconf 81' lang='grc' dir='ltr'>ὡς</span> <span class='ocrx_word' id='word_1_44' title='bbox 1221 489 1301 540; x_wconf 77' lang='grc' dir='ltr'>χρὴ</span> <span class='ocrx_word' id='word_1_45' title='bbox 1333 490 1458 536; x_wconf 83' lang='grc' dir='ltr'>αὐτὴν</span> <span class='ocrx_word' id='word_1_46' title='bbox 1488 489 1588 529; x_wconf 81' lang='grc' dir='ltr'>εἶναι</span> <span class='ocrx_word' id='word_1_47' title='bbox 1608 490 1650 528; x_wconf 89' lang='grc' dir='ltr'>ἐν</span> <span class='ocrx_word' id='word_1_48' title='bbox 1669 486 1786 528; x_wconf 82' lang='grc' dir='ltr'>πόλει</span> 
     </span>
     <span class='ocr_line' id='line_1_6' title="bbox 284 542 1787 596; baseline -0.001 -13"><span class='ocrx_word' id='word_1_49' title='bbox 284 542 566 596; x_wconf 82' lang='grc' dir='ltr'>εὐνομουμένῃ,</span> <span class='ocrx_word' id='word_1_50' title='bbox 609 544 773 594; x_wconf 77' lang='grc' dir='ltr'>ἅσμενοι</span> <span class='ocrx_word' id='word_1_51' title='bbox 811 544 860 583; x_wconf 76' lang='grc' dir='ltr'>’ἂν</span> <span class='ocrx_word' id='word_1_52' title='bbox 898 542 1231 594; x_wconf 83' lang='grc' dir='ltr'>καταδεχοίμεθα,</span> <span class='ocrx_word' id='word_1_53' title='bbox 1277 545 1325 583; x_wconf 84' lang='grc' dir='ltr'>ὣς</span> <span class='ocrx_word' id='word_1_54' title='bbox 1366 543 1561 594; x_wconf 80' lang='grc' dir='ltr'>σύνισμέν</span> <span class='ocrx_word' id='word_1_55' title='bbox 1597 561 1647 595; x_wconf 82' lang='grc' dir='ltr'>γε</span> <span class='ocrx_word' id='word_1_56' title='bbox 1695 543 1787 594; x_wconf 79' lang='grc' dir='ltr'>ἡμῖν</span> 
     </span>
     <span class='ocr_line' id='line_1_7' title="bbox 285 598 1788 651; baseline -0.002 -12"><span class='ocrx_word' id='word_1_57' title='bbox 285 601 419 640; x_wconf 77' lang='grc' dir='ltr'>αὐτοῖς</span> <span class='ocrx_word' id='word_1_58' title='bbox 442 598 703 649; x_wconf 79' lang='grc' dir='ltr'>κηλουμένοις</span> <span class='ocrx_word' id='word_1_59' title='bbox 722 601 783 638; x_wconf 84' lang='grc' dir='ltr'>ὑπ’</span> <span class='ocrx_word' id='word_1_60' title='bbox 802 601 937 647; x_wconf 79' lang='grc' dir='ltr'>αὐτῆς·</span> <span class='ocrx_word' id='word_1_61' title='bbox 965 600 1075 638; x_wconf 83' lang='grc' dir='ltr'>ἀλλὰ</span> <span class='ocrx_word' id='word_1_62' title='bbox 1089 599 1167 650; x_wconf 81' lang='grc' dir='ltr'>γὰρ</span> <span class='ocrx_word' id='word_1_63' title='bbox 1183 600 1230 639; x_wconf 79' lang='grc' dir='ltr'>τὸ</span> <span class='ocrx_word' id='word_1_64' title='bbox 1247 601 1389 639; x_wconf 87' lang='grc' dir='ltr'>δοκοῦν</span> <span class='ocrx_word' id='word_1_65' title='bbox 1408 598 1555 647; x_wconf 82' lang='grc' dir='ltr'>ἀληθὲς</span> <span class='ocrx_word' id='word_1_66' title='bbox 1577 601 1655 651; x_wconf 82' lang='grc' dir='ltr'>οὐχ</span> <span class='ocrx_word' id='word_1_67' title='bbox 1677 600 1788 639; x_wconf 84' lang='grc' dir='ltr'>ὅσιον</span> 
     </span>
     <span class='ocr_line' id='line_1_8' title="bbox 283 653 520 707; baseline 0 -13"><span class='ocrx_word' id='word_1_68' title='bbox 283 653 520 707; x_wconf 85' lang='grc' dir='ltr'>προδιδόναι.</span> 
     </span>
    </p>
   </div>
   <div class='ocr_carea' id='block_1_3' title="bbox 992 851 1086 898">
    <p class='ocr_par' dir='ltr' id='par_1_3' title="bbox 992 851 1086 898">
     <span class='ocr_line' id='line_1_9' title="bbox 992 851 1086 898; baseline -0.011 0"><span class='ocrx_word' id='word_1_69' title='bbox 992 851 1086 898; x_wconf 83' lang='grc'>122</span> 
     </span>
    </p>
   </div>
   <div class='ocr_carea' id='block_1_4' title="bbox 287 929 1787 1036">
    <p class='ocr_par' dir='ltr' id='par_1_4' title="bbox 287 929 1787 1036">
     <span class='ocr_line' id='line_1_10' title="bbox 341 929 1787 983; baseline 0.001 -14"><span class='ocrx_word' id='word_1_70' title='bbox 341 929 455 970; x_wconf 80' lang='lat' dir='ltr'><strong>Plat.</strong></span> <span class='ocrx_word' id='word_1_71' title='bbox 480 932 551 981; x_wconf 76' lang='lat' dir='ltr'>Ep.</span> <span class='ocrx_word' id='word_1_72' title='bbox 582 933 598 969; x_wconf 93' lang='grc'><strong>1</strong></span> <span class='ocrx_word' id='word_1_73' title='bbox 662 932 822 970; x_wconf 76' lang='grc' dir='ltr'>κάκεῖνο</span> <span class='ocrx_word' id='word_1_74' title='bbox 853 931 895 970; x_wconf 83' lang='grc' dir='ltr'>δὲ</span> <span class='ocrx_word' id='word_1_75' title='bbox 926 932 974 971; x_wconf 83' lang='grc' dir='ltr'>τὸ</span> <span class='ocrx_word' id='word_1_76' title='bbox 1003 932 1154 982; x_wconf 81' lang='grc' dir='ltr'>ποίημα</span> <span class='ocrx_word' id='word_1_77' title='bbox 1182 934 1266 971; x_wconf 79' lang='grc' dir='ltr'>τοῖς</span> <span class='ocrx_word' id='word_1_78' title='bbox 1290 933 1382 970; x_wconf 79' lang='grc' dir='ltr'>νοῦν</span> <span class='ocrx_word' id='word_1_79' title='bbox 1403 930 1572 983; x_wconf 78' lang='grc' dir='ltr'>ἔχουσιν</span> <span class='ocrx_word' id='word_1_80' title='bbox 1592 933 1635 970; x_wconf 81' lang='grc' dir='ltr'>οὗ</span> <span class='ocrx_word' id='word_1_81' title='bbox 1659 934 1787 972; x_wconf 82' lang='grc' dir='ltr'>κακῶς</span> 
     </span>
     <span class='ocr_line' id='line_1_11' title="bbox 287 985 539 1036; baseline 0.004 -13"><span class='ocrx_word' id='word_1_82' title='bbox 287 985 398 1036; x_wconf 82' lang='grc' dir='ltr'>ἔχειν</span> <span class='ocrx_word' id='word_1_83' title='bbox 419 989 539 1025; x_wconf 74' lang='grc' dir='ltr'>δοκεῖ·</span> 
     </span>
    </p>
   </div>
   <div class='ocr_carea' id='block_1_5' title="bbox 433 1054 1787 1561">
    <p class='ocr_par' dir='ltr' id='par_1_5' title="bbox 433 1054 964 1125">
     <span class='ocr_line' id='line_1_12' title="bbox 433 1054 964 1125; baseline 0.002 -19"><span class='ocrx_word' id='word_1_84' title='bbox 433 1055 494 1107; x_wconf 80' lang='grc' dir='ltr'>οὐ</span> <span class='ocrx_word' id='word_1_85' title='bbox 520 1055 728 1125; x_wconf 80' lang='grc' dir='ltr'>χρυσὸς</span> <span class='ocrx_word' id='word_1_86' title='bbox 757 1054 964 1122; x_wconf 78' lang='grc' dir='ltr'>ἀγλαὸς</span> 
     </span>
    </p>

    <p class='ocr_par' dir='ltr' id='par_1_6' title="bbox 434 1127 1787 1414">
     <span class='ocr_line' id='line_1_13' title="bbox 435 1127 1684 1197; baseline 0.001 -18"><span class='ocrx_word' id='word_1_87' title='bbox 435 1128 818 1192; x_wconf 78' lang='grc' dir='ltr'>σπανιώτατος</span> <span class='ocrx_word' id='word_1_88' title='bbox 846 1129 898 1180; x_wconf 86' lang='grc' dir='ltr'>ἐν</span> <span class='ocrx_word' id='word_1_89' title='bbox 928 1129 1139 1180; x_wconf 86' lang='grc' dir='ltr'>θνατῶν</span> <span class='ocrx_word' id='word_1_90' title='bbox 1167 1127 1530 1197; x_wconf 80' lang='grc' dir='ltr'>δυσελπίστῳ</span> <span class='ocrx_word' id='word_1_91' title='bbox 1558 1127 1684 1195; x_wconf 76' lang='grc' dir='ltr'><em>βίῳ,</em></span> 
     </span>
     <span class='ocr_line' id='line_1_14' title="bbox 434 1199 1787 1271; baseline 0.002 -20"><span class='ocrx_word' id='word_1_92' title='bbox 434 1199 542 1252; x_wconf 78' lang='grc' dir='ltr'>οὐδ’</span> <span class='ocrx_word' id='word_1_93' title='bbox 573 1199 801 1268; x_wconf 81' lang='grc' dir='ltr'>ἀδάμας,</span> <span class='ocrx_word' id='word_1_94' title='bbox 825 1200 936 1252; x_wconf 83' lang='grc' dir='ltr'>οὐδ’</span> <span class='ocrx_word' id='word_1_95' title='bbox 958 1201 1198 1271; x_wconf 78' lang='grc' dir='ltr'>ἀργύρου</span> <span class='ocrx_word' id='word_1_96' title='bbox 1220 1206 1407 1254; x_wconf 81' lang='grc' dir='ltr'>κλῖναι</span> <span class='ocrx_word' id='word_1_97' title='bbox 1430 1199 1564 1269; x_wconf 82' lang='grc' dir='ltr'>πρὸς</span> <span class='ocrx_word' id='word_1_98' title='bbox 1584 1200 1787 1270; x_wconf 81' lang='grc' dir='ltr'>ἄνθρω-</span> 
     </span>
     <span class='ocr_line' id='line_1_15' title="bbox 434 1272 1713 1344; baseline 0.002 -20"><span class='ocrx_word' id='word_1_99' title='bbox 434 1295 537 1325; x_wconf 86' lang='grc' dir='ltr'>πον</span> <span class='ocrx_word' id='word_1_100' title='bbox 556 1274 575 1305; x_wconf 70' lang='lat'><strong>2</strong></span> <span class='ocrx_word' id='word_1_101' title='bbox 602 1272 977 1340; x_wconf 80' lang='grc' dir='ltr'>δοκιμαζόμεν’</span> <span class='ocrx_word' id='word_1_102' title='bbox 1008 1274 1320 1342; x_wconf 80' lang='grc' dir='ltr'>ἀστράπτει</span> <span class='ocrx_word' id='word_1_103' title='bbox 1348 1273 1482 1342; x_wconf 82' lang='grc' dir='ltr'>πρὸς</span> <span class='ocrx_word' id='word_1_104' title='bbox 1510 1274 1713 1344; x_wconf 75' lang='grc' dir='ltr'>ὅψεις,3</span> 
     </span>
     <span class='ocr_line' id='line_1_16' title="bbox 435 1345 1069 1414; baseline 0 -16"><span class='ocrx_word' id='word_1_105' title='bbox 435 1345 555 1398; x_wconf 85' lang='grc' dir='ltr'>οὐδὲ</span> <span class='ocrx_word' id='word_1_106' title='bbox 581 1345 744 1412; x_wconf 88' lang='grc' dir='ltr'>γαίας</span> <span class='ocrx_word' id='word_1_107' title='bbox 773 1345 1069 1414; x_wconf 80' lang='grc' dir='ltr'>εὐρυπέδου</span> 
     </span>
    </p>

    <p class='ocr_par' dir='ltr' id='par_1_7' title="bbox 433 1417 1448 1488">
     <span class='ocr_line' id='line_1_17' title="bbox 433 1417 1448 1488; baseline 0.001 -17"><span class='ocrx_word' id='word_1_108' title='bbox 433 1417 646 1486; x_wconf 86' lang='grc' dir='ltr'>γόνιμοι</span> <span class='ocrx_word' id='word_1_109' title='bbox 673 1417 958 1486; x_wconf 73' lang='grc' dir='ltr'>βρίθοντες</span> <span class='ocrx_word' id='word_1_110' title='bbox 986 1420 1278 1488; x_wconf 81' lang='grc' dir='ltr'>αὐταρκεῖς</span> <span class='ocrx_word' id='word_1_111' title='bbox 1303 1417 1448 1487; x_wconf 85' lang='grc' dir='ltr'>γύαι,</span> 
     </span>
    </p>

    <p class='ocr_par' dir='ltr' id='par_1_8' title="bbox 437 1490 1612 1561">
     <span class='ocr_line' id='line_1_18' title="bbox 437 1490 1612 1561; baseline 0.001 -18"><span class='ocrx_word' id='word_1_112' title='bbox 437 1493 503 1547; x_wconf 86' lang='grc' dir='ltr'>ὡς</span> <span class='ocrx_word' id='word_1_113' title='bbox 531 1491 755 1559; x_wconf 85' lang='grc' dir='ltr'>ἀγαθῶν</span> <span class='ocrx_word' id='word_1_114' title='bbox 783 1491 991 1560; x_wconf 78' lang='grc' dir='ltr'>ἀνδρῶν</span> <span class='ocrx_word' id='word_1_115' title='bbox 1021 1491 1385 1561; x_wconf 84' lang='grc' dir='ltr'>ὁμοφράδμων</span> <span class='ocrx_word' id='word_1_116' title='bbox 1414 1490 1612 1557; x_wconf 85' lang='grc' dir='ltr'>νόησις.</span> 
     </span>
    </p>
   </div>
   <div class='ocr_carea' id='block_1_6' title="bbox 344 1609 1410 1747">
    <p class='ocr_par' dir='ltr' id='par_1_9' title="bbox 344 1609 1410 1747">
     <span class='ocr_line' id='line_1_19' title="bbox 990 1609 1086 1655; baseline 0 0"><span class='ocrx_word' id='word_1_117' title='bbox 990 1609 1086 1655; x_wconf 82' lang='lat'>123</span> 
     </span>
     <span class='ocr_line' id='line_1_20' title="bbox 344 1694 1410 1747; baseline 0.001 -13"><span class='ocrx_word' id='word_1_118' title='bbox 344 1694 465 1735; x_wconf 78' lang='lat' dir='ltr'><strong>Stob.</strong></span> <span class='ocrx_word' id='word_1_119' title='bbox 491 1696 576 1735; x_wconf 67' lang='grc' dir='ltr'><em>ΕΟΖ.</em></span> <span class='ocrx_word' id='word_1_120' title='bbox 604 1697 636 1735; x_wconf 89' lang='lat' dir='ltr'>l.</span> <span class='ocrx_word' id='word_1_121' title='bbox 664 1696 698 1736; x_wconf 89' lang='grc'>6.</span> <span class='ocrx_word' id='word_1_122' title='bbox 731 1697 778 1735; x_wconf 82' lang='grc'>13</span> <span class='ocrx_word' id='word_1_123' title='bbox 802 1696 858 1746; x_wconf 81' lang='grc' dir='ltr'>[π.</span> <span class='ocrx_word' id='word_1_124' title='bbox 886 1695 1020 1747; x_wconf 81' lang='grc' dir='ltr'>τύχης</span> <span class='ocrx_word' id='word_1_125' title='bbox 1041 1695 1410 1745; x_wconf 68' lang='grc' dir='ltr'>ἢται’)·ιόμι]ι’,του]·4</span> 
     </span>
    </p>
   </div>
   <div class='ocr_carea' id='block_1_7' title="bbox 367 1359 391 1396">
    <p class='ocr_par' dir='ltr' id='par_1_10' title="bbox 367 1359 391 1396">
     <span class='ocr_line' id='line_1_21' title="bbox 367 1359 391 1396; textangle 90"><span class='ocrx_word' id='word_1_126' title='bbox 367 1359 391 1396; x_wconf 66' lang='lat' dir='ltr'>Ul</span> 
     </span>
    </p>
   </div>
   <div class='ocr_carea' id='block_1_8' title="bbox 349 1769 1790 2566">
    <p class='ocr_par' dir='ltr' id='par_1_11' title="bbox 349 1769 1790 2566">
     <span class='ocr_line' id='line_1_22' title="bbox 433 1769 1066 1842; baseline 0.003 -21"><span class='ocrx_word' id='word_1_127' title='bbox 433 1769 606 1841; x_wconf 85' lang='grc' dir='ltr'>Τύχα,</span> <span class='ocrx_word' id='word_1_128' title='bbox 636 1769 890 1840; x_wconf 83' lang='grc' dir='ltr'>μερόπων</span> <span class='ocrx_word' id='word_1_129' title='bbox 917 1771 1066 1842; x_wconf 82' lang='grc' dir='ltr'>ἀρχὰ</span> 
     </span>
     <span class='ocr_line' id='line_1_23' title="bbox 435 1843 1615 1913; baseline 0 -17"><span class='ocrx_word' id='word_1_130' title='bbox 435 1845 526 1896; x_wconf 84' lang='grc' dir='ltr'>καὶ</span> <span class='ocrx_word' id='word_1_131' title='bbox 554 1865 740 1911; x_wconf 87' lang='grc' dir='ltr'>τερμα,</span> <span class='ocrx_word' id='word_1_132' title='bbox 770 1843 835 1896; x_wconf 86' lang='grc' dir='ltr'>τὺ</span> <span class='ocrx_word' id='word_1_133' title='bbox 863 1845 954 1896; x_wconf 81' lang='grc' dir='ltr'>καΞ</span> <span class='ocrx_word' id='word_1_134' title='bbox 985 1844 1185 1912; x_wconf 83' lang='grc' dir='ltr'>σοφίας</span> <span class='ocrx_word' id='word_1_135' title='bbox 1213 1845 1394 1901; x_wconf 81' lang='grc' dir='ltr'>θακεῖς</span> <span class='ocrx_word' id='word_1_136' title='bbox 1422 1843 1615 1913; x_wconf 82' lang='grc' dir='ltr'>ἕδρας5</span> 
     </span>
     <span class='ocr_line' id='line_1_24' title="bbox 435 1915 1517 1986; baseline 0.001 -18"><span class='ocrx_word' id='word_1_137' title='bbox 435 1916 528 1968; x_wconf 82' lang='grc' dir='ltr'>καὶ</span> <span class='ocrx_word' id='word_1_138' title='bbox 555 1915 718 1983; x_wconf 85' lang='grc' dir='ltr'>τιμὰν</span> <span class='ocrx_word' id='word_1_139' title='bbox 744 1915 994 1985; x_wconf 79' lang='grc' dir='ltr'>Βροτεοις</span> <span class='ocrx_word' id='word_1_140' title='bbox 1020 1916 1348 1982; x_wconf 71' lang='grc' dir='ltr'>ἐπέθηκας”</span> <span class='ocrx_word' id='word_1_141' title='bbox 1321 1939 1517 1986; x_wconf 85' lang='grc' dir='ltr'>εργοις·</span> 
     </span>
     <span class='ocr_line' id='line_1_25' title="bbox 434 1987 1790 2056; baseline 0 -14"><span class='ocrx_word' id='word_1_142' title='bbox 434 1988 528 2042; x_wconf 82' lang='grc' dir='ltr'>καὶ</span> <span class='ocrx_word' id='word_1_143' title='bbox 555 1987 616 2041; x_wconf 82' lang='grc' dir='ltr'>τὸ</span> <span class='ocrx_word' id='word_1_144' title='bbox 650 1989 823 2042; x_wconf 85' lang='grc' dir='ltr'>καλὸν</span> <span class='ocrx_word' id='word_1_145' title='bbox 865 1988 1035 2042; x_wconf 90' lang='grc' dir='ltr'>πλεον</span> <span class='ocrx_word' id='word_1_146' title='bbox 1073 1990 1105 2056; x_wconf 83' lang='grc' dir='ltr'>ἢ</span> <span class='ocrx_word' id='word_1_147' title='bbox 1145 1989 1315 2042; x_wconf 79' lang='grc' dir='ltr'>κακὸν</span> <span class='ocrx_word' id='word_1_148' title='bbox 1354 1991 1413 2041; x_wconf 58' lang='grc' dir='ltr'>ἐκ</span> <span class='ocrx_word' id='word_1_149' title='bbox 1454 1989 1691 2050; x_wconf 86' lang='grc' dir='ltr'>σέθεν,ἁ</span> <span class='ocrx_word' id='word_1_150' title='bbox 1731 2012 1790 2042; x_wconf 89' lang='grc' dir='ltr'>τε</span> 
     </span>
     <span class='ocr_line' id='line_1_26' title="bbox 579 2062 741 2133; baseline 0.031 -21"><span class='ocrx_word' id='word_1_151' title='bbox 579 2062 741 2133; x_wconf 81' lang='grc' dir='ltr'>χάρις</span> 
     </span>
     <span class='ocr_line' id='line_1_27' title="bbox 369 2132 1502 2206; baseline 0.003 -22"><span class='ocrx_word' id='word_1_152' title='bbox 369 2147 393 2184; x_wconf 88' lang='grc'>5</span> <span class='ocrx_word' id='word_1_153' title='bbox 434 2133 645 2201; x_wconf 85' lang='grc' dir='ltr'>λάμπει</span> <span class='ocrx_word' id='word_1_154' title='bbox 675 2155 799 2202; x_wconf 90' lang='grc' dir='ltr'>περι</span> <span class='ocrx_word' id='word_1_155' title='bbox 828 2132 934 2187; x_wconf 83' lang='grc' dir='ltr'>σὰν</span> <span class='ocrx_word' id='word_1_156' title='bbox 963 2132 1211 2204; x_wconf 84' lang='grc' dir='ltr'>πτέρυγα</span> <span class='ocrx_word' id='word_1_157' title='bbox 1238 2133 1502 2206; x_wconf 81' lang='grc' dir='ltr'>χρῦσέαν·</span> 
     </span>
     <span class='ocr_line' id='line_1_28' title="bbox 437 2205 1266 2295; baseline 0.001 -37"><span class='ocrx_word' id='word_1_158' title='bbox 437 2206 528 2258; x_wconf 86' lang='grc' dir='ltr'>καὶ</span> <span class='ocrx_word' id='word_1_159' title='bbox 558 2205 618 2259; x_wconf 84' lang='grc' dir='ltr'>τὸ</span> <span class='ocrx_word' id='word_1_160' title='bbox 647 2209 745 2295; x_wconf 73' lang='grc' dir='ltr'>τεᾷ</span> <span class='ocrx_word' id='word_1_161' title='bbox 769 2207 1084 2274; x_wconf 90' lang='grc' dir='ltr'>πλάστιγγι</span> <span class='ocrx_word' id='word_1_162' title='bbox 1113 2205 1266 2259; x_wconf 86' lang='grc' dir='ltr'>δοθὲν</span> 
     </span>
     <span class='ocr_line' id='line_1_29' title="bbox 435 2278 1171 2348; baseline 0.001 -18"><span class='ocrx_word' id='word_1_163' title='bbox 435 2278 918 2348; x_wconf 83' lang='grc' dir='ltr'>μακαριστότατον</span> <span class='ocrx_word' id='word_1_164' title='bbox 947 2278 1171 2332; x_wconf 90' lang='grc' dir='ltr'>τελεθει·</span> 
     </span>
     <span class='ocr_line' id='line_1_30' title="bbox 437 2349 1646 2422; baseline 0.002 -21"><span class='ocrx_word' id='word_1_165' title='bbox 437 2351 501 2403; x_wconf 83' lang='grc' dir='ltr'>τὺ</span> <span class='ocrx_word' id='word_1_166' title='bbox 529 2349 571 2402; x_wconf 84' lang='grc' dir='ltr'>δ’</span> <span class='ocrx_word' id='word_1_167' title='bbox 596 2352 911 2422; x_wconf 83' lang='grc' dir='ltr'>αμαχανίας</span> <span class='ocrx_word' id='word_1_168' title='bbox 949 2350 1118 2419; x_wconf 86' lang='grc' dir='ltr'>πόρον</span> <span class='ocrx_word' id='word_1_169' title='bbox 1145 2351 1291 2421; x_wconf 85' lang='grc' dir='ltr'>εὗρες</span> <span class='ocrx_word' id='word_1_170' title='bbox 1318 2352 1372 2404; x_wconf 90' lang='grc' dir='ltr'>ἐν</span> <span class='ocrx_word' id='word_1_171' title='bbox 1400 2350 1646 2418; x_wconf 82' lang='grc' dir='ltr'>ἄλγεσιν,</span> 
     </span>
     <span class='ocr_line' id='line_1_31' title="bbox 434 2422 1524 2494; baseline 0.002 -20"><span class='ocrx_word' id='word_1_172' title='bbox 434 2422 528 2475; x_wconf 80' lang='grc' dir='ltr'>καὶ</span> <span class='ocrx_word' id='word_1_173' title='bbox 554 2425 813 2492; x_wconf 86' lang='grc' dir='ltr'>λαμπρὸν</span> <span class='ocrx_word' id='word_1_174' title='bbox 840 2425 980 2494; x_wconf 84' lang='grc' dir='ltr'>φάος</span> <span class='ocrx_word' id='word_1_175' title='bbox 1009 2423 1212 2491; x_wconf 79' lang='grc' dir='ltr'>ἄγαγες</span> <span class='ocrx_word' id='word_1_176' title='bbox 1238 2425 1293 2477; x_wconf 85' lang='grc' dir='ltr'>ἐν</span> <span class='ocrx_word' id='word_1_177' title='bbox 1321 2422 1524 2494; x_wconf 85' lang='grc' dir='ltr'>σκότῳ,</span> 
     </span>
     <span class='ocr_line' id='line_1_32' title="bbox 349 2496 1074 2566; baseline 0 -19"><span class='ocrx_word' id='word_1_178' title='bbox 349 2508 399 2547; x_wconf 89' lang='grc'>10</span> <span class='ocrx_word' id='word_1_179' title='bbox 440 2496 895 2566; x_wconf 77' lang='grc' dir='ltr'>προφερεστάτα7</span> <span class='ocrx_word' id='word_1_180' title='bbox 922 2497 1074 2548; x_wconf 86' lang='grc' dir='ltr'>θεῶν.</span> 
     </span>
    </p>
   </div>
   <div class='ocr_carea' id='block_1_9' title="bbox 1653 2352 1675 2383">
    <p class='ocr_par' dir='ltr' id='par_1_12' title="bbox 1653 2352 1675 2383">
     <span class='ocr_line' id='line_1_33' title="bbox 1653 2352 1675 2383; baseline 0 0"><span class='ocrx_word' id='word_1_181' title='bbox 1653 2352 1675 2383; x_wconf 89' lang='grc'><strong>6</strong></span> 
     </span>
    </p>
   </div>
   <div class='ocr_carea' id='block_1_10' title="bbox 349 2597 1793 2653">
    <p class='ocr_par' dir='ltr' id='par_1_13' title="bbox 349 2597 1793 2653">
     <span class='ocr_line' id='line_1_34' title="bbox 349 2597 1793 2653; baseline 0 -15"><span class='ocrx_word' id='word_1_182' title='bbox 349 2599 364 2623; x_wconf 85' lang='lat'>²</span> <span class='ocrx_word' id='word_1_183' title='bbox 396 2597 743 2639; x_wconf 84' lang='lat' dir='ltr'><strong>Herw.-Adam:</strong></span> <span class='ocrx_word' id='word_1_184' title='bbox 786 2612 873 2638; x_wconf 81' lang='lat' dir='ltr'>mss</span> <span class='ocrx_word' id='word_1_185' title='bbox 897 2597 1113 2650; x_wconf 86' lang='grc' dir='ltr'>διασόφων,</span> <span class='ocrx_word' id='word_1_186' title='bbox 1143 2598 1207 2639; x_wconf 82' lang='grc' dir='ltr'>δία</span> <span class='ocrx_word' id='word_1_187' title='bbox 1233 2599 1328 2649; x_wconf 85' lang='grc' dir='ltr'>(διὰ)</span> <span class='ocrx_word' id='word_1_188' title='bbox 1355 2603 1493 2651; x_wconf 83' lang='grc' dir='ltr'>σοφῶν</span> <span class='ocrx_word' id='word_1_189' title='bbox 1521 2599 1608 2640; x_wconf 83' lang='lat' dir='ltr'>and</span> <span class='ocrx_word' id='word_1_190' title='bbox 1637 2602 1793 2653; x_wconf 87' lang='grc' dir='ltr'>κρατῶν</span> 
     </span>
    </p>
   </div>
   <div class='ocr_carea' id='block_1_11' title="bbox 289 2658 388 2714">
    <p class='ocr_par' dir='ltr' id='par_1_14' title="bbox 289 2658 388 2714">
     <span class='ocr_line' id='line_1_35' title="bbox 289 2658 388 2714; baseline 0.01 -1"><span class='ocrx_word' id='word_1_191' title='bbox 289 2658 388 2714; x_wconf 83' lang='grc'>476</span> 
     </span>
    </p>
   </div>
  </div>
 </body>
</html>
