1900 3072
777 230 964 277 LYRA
1015 229 1295 278 GRAECA

799 362 827 408 3
901 364 961 410 εἰς
986 360 1274 423 Ἀφροδίτην

342 446 459 487 Plut.
493 447 535 494 Q.
564 449 684 487 Conv.
712 448 746 486 3.
775 448 811 487 6.
838 450 863 487 4
921 447 1001 487 ιεόι
1030 465 1075 487 τε
1105 449 1182 499 γὰρ
1212 447 1370 500 πάρεισι
1398 446 1697 498 γεγαμηκότες,
1724 449 1790 497 ὑφ’

288 501 340 539 ὧν
369 503 430 540 δεῖ
454 505 462 521 ‘
480 503 704 553 φιλοτήσια
731 502 848 553 ἔργα’
870 506 1090 550 τελεῖσθαι,
1117 504 1181 542 καὶ
1213 503 1315 553 ἡμᾶς
1345 505 1450 543 οὔπω
1480 501 1736 542 παντάπασιν
1766 501 1791 549 ἡ

284 557 501 607 Ἀφροδίτη
514 558 731 609 πέφευγεν,
747 559 856 597 ἀλλὰ
871 560 933 598 καὶ
947 558 1256 611 προσευχόμεθα
1271 559 1466 606 δήπουθεν
1480 560 1579 611 αὐτῇ
1595 556 1790 609 λέγοντες

287 614 328 650 ἐν
348 614 433 652 τοῖς
454 617 534 653 τῶν
558 617 652 652 θεῶν
675 615 809 663 ὕμνοις

686 688 968 752 ἀνάβαλλ’
997 689 1104 742 ἄνω
1135 689 1196 742 τὸ
1223 693 1398 759 γῆρας

685 760 725 814 ὦ
754 761 906 814 καλὰ
931 760 1253 832 Ἀφροδίτα.

791 931 821 977 4
893 933 954 981 εἷς
982 931 1214 978 Διόνυσον

338 1017 456 1058 Plut.
496 1018 538 1065 Q.
577 1019 717 1059 Graec.
751 1018 817 1057 36.
852 1019 874 1059 7
935 1019 996 1057 διὰ
1021 1018 1063 1057 τί
1092 1019 1164 1057 τὸν
1196 1016 1393 1058 Διόνυσον
1427 1018 1467 1057 αἱ
1497 1020 1580 1056 τῶν
1615 1017 1788 1057 Ἠλείων

281 1076 467 1123 γυναῖκες
509 1075 702 1122 ὑμνοῦσαι
740 1076 1020 1124 παρακαλοῦσι
1058 1073 1164 1125 βοέῳ
1201 1075 1291 1113 ποδὶ
1330 1072 1650 1125 παραγίγνεσθαι
1687 1074 1787 1126 πρὸς

282 1127 417 1169 αὐτάς·
451 1128 541 1179 ἔχει
561 1127 603 1167 δὲ
626 1131 750 1168 οὕτως
771 1131 790 1167 ὁ
812 1130 942 1179 ὕμνος·

605 1203 840 1263 ’Eme-212,
870 1205 980 1274 ἥρω
1009 1204 1257 1264 Διόνυσε,

605 1276 839 1330 (Αλείων
858 1278 877 1310 1
907 1278 957 1335 ἐς
985 1276 1114 1330 ναὸν

609 1349 773 1418 ἁγνὸν
802 1349 904 1403 σὺν
930 1349 1274 1419 Χαρίτεσσιν

606 1425 656 1481 ἐς
685 1422 813 1476 ναὸν
842 1427 916 1493 τῷ
939 1422 1088 1493 βοέῳ
1115 1423 1244 1476 ποδὶ
1270 1423 1428 1486 θύων,

608 1495 725 1564 ἄξιε
752 1500 932 1565 ταῦρε,

606 1568 723 1636 ἄξιε
752 1573 930 1639 ταῦρε.

333 1663 461 1702 Paus.
489 1664 526 1703 6.
557 1664 622 1703 26.
657 1665 675 1702 l
737 1667 835 1702 θεῶν
867 1662 908 1702 δὲ
942 1664 984 1701 ἐν
1015 1665 1100 1703 τοῖς
1130 1662 1313 1713 μάλιστα
1348 1662 1546 1703 Διόνυσον
1585 1663 1782 1708 σέβουσιν

277 1721 444 1766 Ἠλεῖοι,
471 1719 533 1758 καὶ
562 1720 634 1757 τὸν
665 1717 753 1757 θεόν
784 1728 927 1769 σφισιν
957 1720 1169 1769 ἐπιφοιτᾶν
1199 1722 1238 1759 ἐς
1268 1723 1350 1758 τῶν
1382 1718 1509 1759 Θυίων
1539 1720 1615 1767 τὴν
1637 1719 1781 1771 ἑορτὴν

278 1772 458 1824 λέγουσι.

785 1860 880 1908 5-7
955 1862 1016 1911 εἷς
1041 1862 1273 1910 Διόνυσον

331 1958 427 1999 Seh.
454 1959 530 1998 Ar.
557 1960 664 1998 Rau.
691 1959 772 2000 479
831 1960 872 1997 ἐν
902 1962 989 2000 τοῖς
1018 1963 1230 2008 Ληναῒκοῖς
1259 1961 1390 2012 ἀγῶσι
1419 1961 1492 1999 τοῦ
1524 1958 1723 2000 Διονύσου
1759 1962 1780 1999 ὁ

277 2017 476 2066 δᾳδοῦχος
499 2012 685 2065 κατέχων
705 2013 893 2063 λαμπάδα
914 2015 1029 2065 λέγει

854 2106 1076 2154 καλεῖτε
1104 2101 1245 2154 θεόν·

275 2195 339 2234 καὶ
362 2195 397 2234 οἱ
419 2194 684 2234 ὑπακούοντες
702 2197 831 2239 βοῶσι

793 2280 822 2298 Ι.

592 2279 844 2349 Σεμεληι’
872 2278 1067 2352 Ἴακχε
1093 2279 1463 2333 πλουτοδότα·

753 2408 769 2431 ²
794 2406 965 2448 Ἀλείων
985 2408 1049 2450 B:
1080 2422 1166 2448 mSS
1187 2408 1303 2448 ἅλιον

330 2547 347 2572 ¹
376 2547 429 2588 cf.
465 2547 655 2600 Hesych.
701 2545 1011 2598 ἁναβαλόγηρας
1056 2548 1120 2597 (so
1158 2548 1227 2588 B:
1273 2559 1360 2586 mss
1399 2545 1772 2597 ἀναβαλλάγορας)·

275 2601 483 2654 φάρμακόν
503 2619 557 2652 τι,
584 2605 647 2643 καὶ
669 2602 779 2644 λίθος
811 2605 853 2642 ἐν
883 2601 1000 2653 Σάμῳ
1023 2602 1066 2651 (a
1093 2600 1203 2641 kind
1223 2600 1268 2641 of
1297 2601 1439 2654 spell;
1469 2600 1561 2641 also
1590 2614 1617 2641 a
1644 2605 1772 2641 stone

275 2694 372 2742 510
