1900 3072
809 246 996 293 LYRA
1047 246 1325 294 GRAECA

319 377 490 418 σκύτεσι
521 377 735 422 βυβλίνοις
771 377 894 416 αὐτὸν
923 377 1124 425 παίουσιν,
1154 376 1226 417 ἕως
1260 378 1368 418 τινὸς
1404 378 1537 417 αὐτῶν
1566 376 1760 425 λάβηται·
1793 379 1820 427 ἡ

323 436 354 471 δ’
388 431 496 484 ἔξεχ’
529 432 556 471 ὦ
588 431 675 482 φίλ’
707 433 800 479 ἥλιε
830 433 964 471 παιδιὰ
990 432 1134 484 κρότον
1159 431 1247 481 ἔχει
1275 436 1357 471 τῶν
1381 431 1531 473 παίδων
1554 433 1630 472 σὺν
1655 436 1713 484 τῷ
1740 436 1822 472 ἐπι-

317 487 494 537 βοήματι
533 487 679 537 τούτῳ,
730 485 880 527 ὁπόταν
919 488 1041 537 νέφος
1090 487 1283 539 ἐπιδράμῃ
1332 488 1406 528 τὸν
1454 487 1556 527 θεόν·
1617 488 1707 527 ὅθεν
1755 489 1820 528 καὶ

317 542 516 594 Στράττις
547 544 591 580 ἐν
619 541 858 591 Φοινίσσαις,
900 544 982 582 Εἶθ’
1017 544 1131 590 ἥλιος
1162 542 1237 591 μὲν
1271 543 1447 582 πείθεται
1486 545 1573 583 τοῖς
1604 542 1817 599 παιδίοις,Ι

319 600 416 638 ὅταν
435 596 614 648 λέγωσιν

785 652 973 723 ”Εξεχ’
1004 651 1042 704 ὦ
1072 651 1186 722 φίλ’
1217 653 1352 720 ἥλιε.

318 758 342 804 ἡ
385 757 427 796 δὲ
466 756 757 807 τρυγοδίφησις
791 759 864 796 τοῦ
899 756 1066 806 ’γελοίου
1100 756 1219 807 χάριν
1251 755 1469 808 ἐξεύρηται·
1512 759 1573 795 δεῖ
1601 756 1679 808 γάρ
1709 774 1749 796 τι
1784 759 1824 797 ἐς

319 813 468 863 τρυγὸς
500 811 679 857 λεκάνην
712 810 991 859 καταδεδυκός,
1028 810 1332 863 περιαγαγόντα
1365 811 1492 851 ὀπίσω
1523 813 1581 851 τὼ
1613 815 1728 863 χεῖρε
1762 817 1820 863 τῷ

322 869 495 917 στόματι
528 867 755 906 ἀνελέσθαι.
819 868 842 914 ἡ
876 867 918 906 δὲ
947 867 1190 916 μηλολάνθη
1221 866 1319 917 ζῷον
1347 866 1502 915 πτηνόν
1531 869 1658 916 ἐστιν,
1682 867 1733 913 ἢν
1762 871 1826 908 καὶ

320 920 582 971 μηλολόνθην
604 924 813 970 καλοῦσιν,
841 923 930 967 ἤτοι
959 924 1003 962 ἐκ
1027 924 1102 967 τῆς
1127 921 1331 966 ἀνθήσεως
1354 926 1436 960 τῶν
1457 921 1601 972 μήλων
1624 922 1648 968 ἢ
1674 923 1750 961 σὺν
1772 926 1822 975 τῇ

322 977 488 1023 ἀνθήσει
527 977 750 1027 γινόμενον·
804 975 848 1016 οὗ
889 976 987 1027 ζῴου
1027 977 1142 1016 λίνον
1182 978 1432 1023 ἐκδήσαντες
1471 979 1651 1029 ἀφιᾶσιν,
1694 979 1744 1017 τὸ
1783 977 1828 1018 δὲ

324 1034 553 1071 ἑλικοειδῶς
613 1035 654 1072 ἐν
709 1035 759 1085 τῇ
808 1033 958 1077 πτήσει
981 1033 997 1057 1
1055 1032 1320 1072 διελίσσεται·
1382 1033 1478 1085 ὅπερ
1531 1031 1829 1084 Ἀριστοφάνης

323 1088 427 1126 ἔοικε
463 1086 620 1137 λέγειν,
661 1086 897 1128 (λινόδετον
933 1089 1068 1137 ὥσπερ
1102 1086 1363 1135 μηλολόνθην
1397 1091 1470 1127 τοῦ
1503 1087 1658 1127 ποδός.’
1724 1088 1750 1135 ἡ
1782 1087 1826 1128 δὲ

323 1142 590 1193 χελιχελώνη
603 1143 808 1193 παρθένων
823 1144 939 1182 ἐστὶν
952 1144 975 1191 ἡ
990 1140 1138 1191 παιδιά,
1155 1141 1374 1193 παρόμοιόν
1389 1158 1430 1182 τι
1444 1142 1602 1192 ἔχουσα
1612 1144 1663 1194 τῇ
1679 1141 1825 1196 χύτρᾳ·

322 1200 347 1266 ᾗ
383 1197 457 1245 μὲν
490 1198 568 1246 γὰρ
602 1198 784 1248 κάθηται,
821 1198 885 1237 καὶ
925 1201 1111 1237 καλεῖται
1145 1199 1325 1248 χελώνη,
1361 1199 1400 1236 αἱ
1436 1197 1479 1237 δὲ
1513 1197 1827 1249 περιτρέχουσιν

323 1267 579 1302 ανερωτωσαι

518 1327 903 1399 Χελῖχελώνα,
932 1327 986 1379 τί
1013 1332 1189 1385 ποιεῖς
1216 1328 1272 1380 ἐν
1300 1331 1374 1397 τῷ
1401 1327 1555 1398 μέσῳ
1578 1351 1595 1389 ;
1617 1327 1638 1358 2

323 1423 347 1468 ἡ
371 1421 413 1461 δὲ
436 1421 691 1471 ἀποκρίνεται

519 1505 775 1577 Μαρύομ’
805 1507 925 1577 ἔρια
951 1507 1043 1560 καὶ
1073 1505 1278 1578 κρόκαν
1306 1505 1617 1573 Μιλησίαν.

326 1601 399 1640 εἶτ’
423 1603 568 1641 ἐκεῖναι
589 1601 714 1641 πάλιν
735 1603 935 1646 ἐκβοῶσιν

518 1676 584 1729 ‘O
613 1677 658 1730 δ’
687 1675 904 1745 ἔκγονός
933 1699 1036 1729 σου
1065 1675 1119 1729 τί
1145 1679 1317 1729 ποιῶν
1345 1675 1643 1738 ἀπώλετο;

324 1772 348 1819 ἡ
372 1771 416 1811 δέ
437 1781 538 1823 φησι

518 1849 735 1899 Λευκᾶυ
764 1843 857 1914 ἀφ’
887 1844 1076 1897 ἵππων
1101 1844 1173 1901 εἰς
1200 1843 1503 1897 θάλασσαν
1531 1842 1728 1898 ἅλοιτο.

322 1942 371 1981 τὸ
393 1940 435 1980 δὲ
459 1938 747 1989 σκανθαρίζειν,
773 1946 865 1979 κτλ.

1050 2015 1115 2061 34

383 2103 498 2144 Ibid.
524 2105 599 2144 113
656 2104 680 2151 ἦ
713 2103 755 2143 δὲ
783 2102 991 2154 χυτρίνδα,
1019 2104 1038 2140 ὃ
1063 2101 1137 2145 μὲν
1161 2104 1203 2141 ἐν
1225 2100 1337 2151 μέσῳ
1361 2100 1530 2148 κάθηται
1556 2101 1620 2140 καὶ
1648 2102 1834 2141 καλεῖται

328 2158 475 2211 χύτρα,
512 2159 548 2198 οῖ
579 2156 622 2198 δὲ
655 2158 877 2198 τίλλουσιν
907 2158 931 2204 ἢ
965 2155 1167 2206 κνίζουσιν
1198 2158 1222 2204 ἢ
1258 2156 1323 2196 καὶ
1354 2157 1542 2196 παίουσιν
1571 2156 1696 2196 αὐτὸν
1724 2171 1830 2208 περι-

383 2244 400 2269 1
429 2257 517 2284 mss
537 2244 700 2296 ineorp.
726 2243 842 2296 gloss
861 2243 910 2283 τὸ
931 2245 1045 2283 λίνον
1093 2242 1143 2265 ⁷⁵⁵
1175 2242 1191 2266 ²
1220 2242 1262 2282 τί
1282 2243 1318 2282 is
1338 2240 1606 2294 lengnhened
1625 2242 1751 2281 metri
1767 2254 1830 2291 qr.

329 2312 377 2338 or
399 2313 463 2338 we
483 2303 602 2338 must
624 2311 812 2350 suppose
841 2298 968 2338 ποίεις
1001 2299 1064 2346 (so
1094 2296 1358 2346 Mein.>—or
1387 2300 1514 2336 ποῖεῑς
1543 2309 1593 2335 or
1621 2293 1754 2336 ποέεις
1783 2308 1833 2334 or

327 2352 758 2446 ’‘ff'fffflfffffended’
800 2353 908 2392 with
940 2366 965 2391 a
995 2352 1132 2391 comio
1166 2356 1275 2403 type
1307 2350 1352 2390 of
1391 2349 1575 2403 daety13
1615 2349 1832 2401 similarly

329 2426 367 2448 ἼἹ,
390 2425 513 2448 'troiam
564 2421 585 2446 e
607 2421 686 2446 ΟΨ.

386 2520 401 2544 ¹
431 2519 484 2558 cf.
522 2518 713 2570 Hesych.
754 2521 849 2566 μυῖα
885 2519 1049 2566 χαλκῆς
1096 2517 1201 2556 ‘the
1234 2529 1361 2556 name
1394 2515 1440 2555 of
1479 2528 1506 2554 a
1532 2527 1656 2567 game
1690 2513 1834 2553 which

331 2573 528 2613 children
551 2572 653 2624 play
674 2571 731 2623 by
753 2572 956 2623 shutting
978 2571 1095 2610 their
1125 2584 1226 2622 eyes
1246 2570 1332 2610 and
1355 2570 1601 2621 stretching
1620 2573 1699 2608 out
1719 2568 1836 2608 their

331 2627 472 2667 hands
494 2626 565 2667 till
585 2639 666 2666 one
686 2625 730 2665 of
759 2628 878 2667 them
909 2627 945 2666 is
967 2625 1131 2678 caught
1147 2628 1156 2641 ’
1296 2625 1312 2650 ²
1341 2628 1420 2666 not
1439 2624 1517 2664 the
1542 2636 1659 2663 same
1688 2635 1735 2663 as
1765 2622 1836 2662 In-

337 2705 431 2768 538
