1900 3072
796 185 982 232 LYRA
1031 184 1319 233 GRAECA

1023 316 1089 363 30

355 404 547 457 Hesych.
609 403 856 456 πάσσυρρον·
890 404 978 443 ἀντὶ
996 405 1069 444 τοῦ
1089 403 1339 455 πάσσυρτον·
1371 403 1554 443 Αἰολεῖς·

469 479 530 533 τὸ
559 480 889 549 πάσσυρρον
919 479 1177 533 ἁπάντων
1205 478 1357 547 ’γένος
1386 477 1607 547 ἀμμέων
1626 478 1647 511 1

356 733 423 771 Et.
456 733 565 781 May.
597 732 689 774 574.
715 732 767 771 65
823 731 981 781 μαυΐην·
1018 732 1106 771 ἀντὶ
1139 733 1212 770 τοῦ
1244 729 1392 781 ζητεῖν
1429 730 1476 770 ἐκ
1502 733 1578 770 τοῦ
1604 731 1706 780 μαίω
1737 732 1809 771 τοῦ

302 785 408 836 ζητῶ
439 817 447 827 .
485 818 493 828 .
531 788 593 825 καὶ
616 789 750 838 ὥσπερ
770 787 818 826 τὸ
839 787 996 826 κλαίειν
1018 789 1213 826 Αἷολικῶς
1235 785 1418 838 διῄρηται
1439 786 1502 825 καὶ
1524 785 1698 835 γίνεται·

847 863 1047 928 κλαΐην
1077 861 1250 931 δάκρυ

301 957 428 996 οὕτως
449 957 512 995 καὶ
534 957 655 1006 μαΐην
674 958 923 1007 πλεονασμῷ
942 959 1016 995 τοῦ
1032 973 1053 995 υ
1072 955 1256 1005 μαυΐην.2

1021 1098 1086 1146 32

354 1189 468 1232 Ibid.
499 1190 595 1233 587.
635 1191 684 1229 12
741 1188 925 1243 μέτερρα·
970 1192 1092 1230 τοῦτο
1131 1190 1180 1228 τὸ
1218 1187 1340 1229 πάθος
1378 1190 1452 1236 τῆς
1487 1190 1678 1236 Αἰολικῆς
1713 1189 1806 1228 ἐστὶ

303 1244 529 1295 διαλέκτου,
556 1244 652 1285 οἷον·

1071 1351 1080 1362 .
1119 1308 1300 1363 αἰτίᾶο
1322 1308 1344 1341 ³

738 1382 806 1435 τὰ
835 1381 1085 1453 μέτερρα·

301 1494 320 1530 ὖ
341 1492 417 1542 γὰρ
437 1490 597 1542 μέτριος
617 1489 808 1542 μέτερρος
827 1493 918 1542 παρ’
941 1489 1079 1530 αὐτοῖς
1100 1488 1281 1540 λέγεται.

1020 1621 1084 1668 33

354 1713 499 1766 Apoll.
526 1715 635 1754 Adv.
665 1715 752 1754 153.
778 1713 832 1754 20
888 1711 1106 1765 βαρύνεται
1137 1714 1200 1753 καὶ
1233 1712 1311 1752 ὅσα
1342 1715 1387 1751 ἐκ
1416 1711 1687 1764 μεταλήψεώς
1711 1714 1801 1753 ἐστι

299 1773 381 1809 τῶν
417 1769 473 1808 εἷς
507 1772 585 1817 θεν,
623 1770 720 1820 ὅπερ
753 1770 841 1809 ἐστὶ
877 1769 966 1820 παρ’
1002 1770 1194 1808 Αἰολεῦσι
1225 1768 1289 1807 καὶ
1321 1770 1518 1819 Δωριεῦσι
1548 1797 1558 1807 .
1593 1796 1603 1807 .
1638 1766 1805 1807 ὄπισθεν

302 1823 460 1864 ὄπισθα·

680 1897 706 1950 ὀ
767 1896 779 1914 ’
807 1897 1085 1966 ἐξύπισθα
1115 1896 1415 1956 καστάθεις

1019 2038 1086 2085 34

353 2143 406 2182 E.
428 2142 497 2182 Μ.
526 2141 612 2183 Vel.
636 2143 716 2182 260
774 2141 821 2192 ῥά
853 2151 963 2193 σφιν·
1001 2173 1010 2181 .
1046 2172 1055 2182 .
1092 2144 1254 2193 εὕρηται
1285 2143 1310 2191 ἡ
1343 2141 1416 2193 σφὶ
1448 2142 1673 2193 ἀντωνυμία
1698 2143 1802 2195 παρὰ

299 2201 358 2249 τῷ
385 2201 530 2250 ποιητῇ
563 2198 638 2237 σὺν
667 2198 729 2246 τῷ
758 2212 790 2236 ν·
823 2196 1085 2249 Συρακούσιοι
1117 2197 1159 2237 δὲ
1191 2197 1259 2248 ψίν
1286 2197 1472 2248 λέγουσι,
1505 2196 1688 2238 Λάκωνες
1719 2199 1800 2250 φίν’

304 2251 495 2306 <Αἶολεῖς
516 2252 557 2291 δὲ
580 2250 725 2304 ἄσφι·>

542 2340 696 2408 παρὰ
725 2340 766 2392 δ’
793 2340 933 2410 ἄσφι
955 2340 1113 2411 κόραι
1140 2339 1549 2398 λευκάσπιδες4

357 2455 372 2478 ²
402 2454 653 2502 Hoffm.-E,
679 2454 733 2494 cf.
754 2454 954 2503 πασσυρεί
973 2453 1082 2493 Poll.
1104 2455 1142 2494 9.
1161 2456 1239 2495 143
1259 2453 1346 2493 and
1365 2458 1582 2506 πασσυρῶς
1594 2454 1801 2507 Hesychz

299 2523 385 2548 mss
406 2508 628 2561 πασσύριον
649 2509 684 2547 ἆ.
710 2525 747 2547 τ.
767 2509 994 2556 πασσυδίην
1011 2508 1139 2558 (from
1153 2508 1308 2558 above)
1329 2511 1491 2550 Αἰολεῖς
1509 2510 1559 2548 τὸ
1577 2510 1802 2560 πασσύριον

298 2566 411 2613 ἡμῶν
432 2563 620 2603 ἁπάντων
639 2564 757 2614 γένος
856 2564 871 2588 ²
901 2564 1047 2613 μαυΐην
1067 2562 1153 2603 and
1175 2565 1424 2615 πλεονασμῷ
1441 2566 1515 2604 τοῦ
1537 2581 1558 2604 υ
1577 2581 1619 2614 μ.
1636 2563 1774 2605 Meisb
1789 2575 1802 2602 t

297 2656 393 2703 432
