1900 3072
814 236 999 282 LYRA
1050 236 1094 282 G
1104 237 1142 281 R
1153 236 1331 282 AECA

319 365 447 434 παρ’
489 364 651 424 οἶνον,
696 366 765 420 ὡς
801 362 1127 434 ”Ερμιππο’ς
1175 368 1349 433 φησιν
1389 366 1445 418 ἐν
1490 365 1628 433 ἕκτῳ
1677 366 1815 435 Περὶ

316 438 663 504 Νομοθετῶν.
741 435 1153 506 Ἀριστοφάνης
1180 436 1224 488 δ’
1253 437 1307 490 ἐν
1332 435 1614 495 Ἀττικαῖς
1642 437 1814 504 φησὶν

312 511 569 577 Λέξεσιν·
632 508 868 576 ίἹμαῖος
907 508 1018 579 ῴδὴ
1059 509 1382 579 μυλωθρῶν·
1428 510 1482 562 ἐν
1523 509 1579 563 δὲ
1616 509 1810 578 γάμοις

314 582 582 646 ὑμέναιος·
631 583 684 635 ἐν
724 582 780 635 δὲ
819 582 1079 635 πένθεσιν
1119 581 1357 650 ἰάλεμος.
1436 582 1585 638 λίνος
1625 582 1681 635 δὲ
1718 583 1808 636 καὶ

312 657 520 712 αἴλινος
573 656 633 707 οὐ
695 654 859 722 μόνον
915 655 970 707 ἐν
1032 655 1291 708 πένθεσιν
1353 653 1506 706 ἀλλὰ
1570 655 1663 708 καὶ
1725 655 1811 709 ἐπ’

311 729 533 798 εὐτυχεῖ
556 730 751 799 μολπᾷ
780 726 923 780 κατὰ
951 727 1042 780 τὸν
1072 725 1406 798 Εὐριπίδηνῖ

390 800 684 871 Κλέαρχος
749 800 792 853 δ’
861 802 915 853 ἐν
987 800 1188 870 πρώτῳ
1251 800 1562 869 Ἐρωτικῶν
1629 799 1814 869 νόμιον

317 875 615 927 καλεῖσθαί
679 874 800 926 τινά
862 879 1034 940 φησιν
1097 872 1239 944 ῳδὴν
1290 871 1385 925 ἀπ’
1436 872 1809 943 Ἠριφανίδος,

312 947 540 1016 γράφων
564 947 750 1003 οὕτως’
796 929 1168 1017 ‘’Hptqbavle‘
1140 970 1171 1012 η
1190 945 1486 1010 μελοποιὸς
1509 947 1810 1000 Μενάλκου

312 1023 739 1087 κυνηγετοῦντος
799 1020 1100 1089 ἐρασθεῖσα
1151 1018 1403 1088 ἐθήρευεν
1462 1018 1811 1086 μεταθέουσα

314 1097 433 1149 ταῖς
472 1091 805 1157 ἐπιθυμίαις.
886 1095 1139 1161 φοιτῶσα
1186 1090 1295 1160 γὰρ
1338 1093 1426 1146 καὶ
1477 1092 1808 1160 πλανωμένη

311 1166 527 1222 πάντας
574 1164 697 1222 τοὺς
744 1164 947 1234 ὀρείους
988 1163 1203 1234 ἐπεξῄει
1241 1164 1488 1234 δρυμούς,
1525 1166 1591 1222 ὡς
1636 1165 1808 1233 μῦθον

309 1237 465 1299 εἶναι,
521 1259 644 1294 τους
696 1237 1021 1305 λεγομένους
1059 1235 1194 1295 Ἰοῦς
1241 1236 1488 1307 δρόμους·
1547 1237 1692 1291 ὥστε
1732 1237 1807 1306 μὴ

306 1311 470 1376 μόνον
497 1314 603 1363 τῶν
643 1310 949 1379 ἀνθρώπων
984 1309 1108 1366 τοὺς
1135 1309 1407 1383 ἀστοργία
1434 1309 1806 1381 διαφέροντας,

307 1383 458 1436 ἀλλὰ
493 1384 586 1436 καὶ
625 1388 733 1436 τῶν
764 1383 945 1453 θηρῶν
984 1406 1108 1440 τους
1136 1383 1582 1451 ἀνημερωτάτους
1610 1383 1806 1436 συνδα-

308 1461 513 1525 κρῦσαι
559 1461 633 1526 τῷ
680 1457 863 1516 πάθει,
910 1454 1194 1517 λαβόντας
1240 1456 1504 1521 αἴσθησιν
1549 1456 1807 1526 ἐρωτικῆς

306 1528 545 1586 ἐλπίδος.
623 1529 746 1582 ὅθεν
774 1528 1001 1595 ἐποίησέ
1041 1551 1098 1583 τε
1137 1528 1230 1581 καὶ
1262 1528 1555 1595 ποιήσασα
1594 1529 1804 1599 περιῄει

305 1601 450 1655 κατὰ
507 1600 603 1668 τὴν
668 1600 913 1672 ἐρημίαν,
979 1601 1048 1659 ὥς
1104 1606 1294 1671 φασιν,
1352 1602 1660 1665 ἀναβοῶσα
1711 1601 1805 1655 καὶ

303 1674 518 1728 ἄδουσα
583 1674 643 1727 τὸ
708 1674 1046 1743 καλούμενον
1111 1673 1309 1741 νόμιον,
1385 1676 1440 1728 ἐν
1516 1673 1557 1727 ὦ
1631 1674 1801 1727 ἐστίν·

304 1748 536 1816 Blafcpal
590 1746 741 1818 δρύες
795 1748 834 1800 ὦ
897 1746 1207 1800 Μέναλκα.’
1305 1730 1685 1817 Ἀριστόξενος
1749 1746 1804 1799 δὲ

302 1820 356 1873 ἐν
410 1823 652 1890 τετάρτῳ
713 1821 848 1890 Περὶ
897 1822 1187 1887 ΝΙουσικῆς
1243 1819 1436 1888 ’ᾖδον’
1491 1820 1662 1889 φησὶν
1712 1819 1804 1872 ἀι

301 1893 534 1963 ἀρχαῖαι
557 1897 809 1962 γυναῖκες
825 1893 1093 1958 Καλύκην
1114 1891 1235 1945 τινὰ
1262 1891 1421 1963 ῳδήν·
1450 1891 1801 1964 Στησιχόρου

302 1965 345 2017 δ’
388 1988 453 2031 ην
502 1965 729 2034 ποίημα,
783 1966 835 2018 ἐν
889 1990 929 2037 ῳ
984 1967 1222 2031 Καλύκη
1275 1986 1356 2022 τις
1401 1966 1571 2033 ὄνομα
1616 1965 1798 2035 ἐρῶσα

301 2038 561 2091 Εὐάθλου
602 2038 890 2092 νεανίσκου
931 2038 1153 2111 εύχεται
1193 2041 1258 2108 τῇ
1289 2037 1588 2128 Ἀφροδίτῃ
1623 2061 1798 2107 γαμη-

303 2112 460 2178 θηναι
489 2113 651 2181 αὐτῷ·
731 2111 848 2164 ἐπεὶ
877 2111 933 2164 δὲ
954 2109 1285 2180 ὑπερεῖδεν
1261 2134 1286 2164 ο
1316 2109 1613 2171 νεανίσκος,
1643 2133 1797 2164 κατε-

301 2183 595 2252 κρήμνισεν
648 2183 861 2251 ἑαυτήν.
939 2185 1150 2252 ἐγένετο
1208 2183 1263 2236 δὲ
1324 2183 1384 2236 τὸ
1444 2184 1621 2241 πάθος
1673 2184 1796 2252 περὶ

298 2256 572 2309 Λευκάδα.
654 2255 999 2326 σωφρονικὸν
1038 2255 1093 2309 δὲ
1132 2255 1280 2309 πάνυ
1320 2255 1728 2309 κατεσκεύασεν
1769 2255 1794 2308 ὁ

299 2329 529 2396 ποιητὴς
574 2328 636 2382 τὸ
688 2335 782 2396 τῆς
833 2328 1107 2399 παρθένου
1158 2330 1304 2396 ἦθος,
1347 2330 1444 2383 οὐκ
1490 2329 1549 2381 ἐκ
1592 2327 1797 2385 παντὸς

299 2400 506 2468 τρόπου
534 2401 804 2467 θελούσης
830 2401 1200 2469 συγγενέσθαι
1240 2406 1313 2471 τῷ
1356 2401 1639 2471 νεανίσκῳ,
1666 2400 1794 2453 ἀλλ’

300 2474 592 2545 εὐχομένης
619 2475 664 2527 εἰ
692 2474 912 2528 δύναιτο
939 2473 1075 2542 γυνὴ
1115 2478 1211 2528 τοῦ
1250 2475 1510 2527 Εὐάθλου
1538 2472 1796 2541 γενέσθαι

295 2697 393 2755 498
