1900 3072
809 230 996 276 LYRA
1047 231 1327 277 GRAECA

368 360 494 400 Eust.
533 361 649 400 1283.
687 360 711 402 7
779 361 998 412 εἰρεσιώνη·
1051 362 1205 401 θαλλὸς
1253 360 1388 402 ἐλαίας
1436 359 1680 412 ἐστεμμένος
1727 361 1817 413 ἐρίῳ

311 416 687 467 προσκρεμαμένους
709 415 818 466 ἔχων
839 415 1050 468 διαφόρους
1081 418 1125 456 ἐκ
1153 418 1232 468 γῆς
1263 415 1448 469 καρπούς·
1479 419 1627 458 τοῦτον
1656 416 1816 469 ἐκφέρει

311 473 404 511 παῖς
425 471 654 521 ἀμφιθαλὴς
676 472 738 511 καὶ
761 472 898 517 τίθησι
917 473 993 523 πρὸ
1015 476 1140 523 θυρῶν
1167 473 1240 512 τοῦ
1260 471 1522 514 ’Λπόλλωνος
1543 474 1648 525 ἱεροῦ
1669 474 1712 513 ἐν
1729 476 1816 513 τοῖς

312 527 550 577 Πυανεψίοις
572 557 580 566 .
609 558 618 566 .
646 557 656 566 .
683 526 785 576 ἦγον
807 526 850 566 δὲ
872 527 954 568 ἔσθ’
978 528 1044 566 ὅτε
1065 530 1194 567 ταῦτα
1216 529 1278 567 καὶ
1301 529 1505 580 ἀποτροπῇ
1529 529 1660 576 λιμοῦ.
1717 527 1815 580 ᾖδον

314 582 357 620 δὲ
378 585 516 623 παῖδες
538 582 654 621 οὕτω·
689 583 903 634 Εἶρεσιώνη
926 592 1017 623 κτλ.
1079 585 1183 633 μετὰ
1213 583 1255 622 δὲ
1286 585 1363 630 τὴν
1393 585 1537 635 ἑορτὴν
1558 582 1629 632 ἔξω
1649 582 1813 634 ι’”“ι.·γριῖύνι

311 636 468 677 τιθέασι
498 638 602 688 παρὰ
633 637 706 677 τὰς
740 637 867 690 θύρας.
933 639 1090 690 Κράτης
1125 638 1166 677 δὲ
1203 640 1245 678 ἐν
1283 640 1345 688 τῷ
1378 640 1474 690 Περὶ
1509 643 1591 679 τῶν
1623 637 1814 686 Ἀθήνησι

314 697 472 733 Θυσιῶν
511 692 676 744 ἀφορίας
715 693 816 733 ποτὲ
857 694 1152 744 κατασχούσης
1199 695 1275 741 τὴν
1321 692 1441 733 πόλιν
1490 695 1645 734 θαλλὸν
1693 709 1812 734 κατα-

313 748 544 799 στέψαντας
567 748 682 801 ἐρίοις
703 749 907 800 ἱκετηρίαν
927 751 1124 789 ἀναθεῖναι
1145 751 1206 799 τῷ
1226 748 1465 789 Ἀπόλλωνι.

365 841 435 882 Et.
468 842 550 882 Vel.
613 844 831 894 εἰρεσιώνη·
856 874 864 882 .
893 873 901 882 .
928 874 936 882 .
963 842 1198 894 προετίθετο
1215 842 1256 882 δὲ
1273 842 1407 882 ἱκεσία
1423 842 1553 895 ἐκείνῃ
1572 844 1623 894 τῇ
1645 841 1769 894 ἡμέρᾳ
1791 840 1818 895 ᾗ

313 898 454 949 οἱπερὶ
481 896 618 944 Θησέα
649 901 823 944 σωθῆναι
845 900 1023 939 δοκοῦσι·
1046 897 1346 949 καταχύσματα
1376 897 1418 937 δὲ
1446 899 1508 938 καὶ
1541 897 1687 938 κύλικα
1708 900 1815 938 οἴνου

312 951 558 1004 κεκραμένην
579 952 854 1004 καταχέοντες
875 955 998 1001 αὐτῆς
1019 952 1291 1004 ἐπιλέγουσιν·
1324 953 1540 1006 Εἶρεσιῶνη
1561 960 1655 993 κτλ.
1677 983 1687 994 .
1714 984 1725 994 .
1752 985 1761 994 .

1027 1312 1089 1359 18

372 1411 452 1449 Γὶί.
479 1409 603 1449 Hom.
633 1409 818 1450 Hdt.'33
875 1409 1185 1462 παραχειμάζων
1217 1409 1260 1450 δὲ
1293 1412 1335 1450 ἐν
1365 1413 1416 1463 τῇ
1451 1409 1573 1460 Σάμῳ
1604 1412 1693 1450 ταῖς
1724 1427 1813 1450 νου-

308 1465 464 1516 μηνίαις
497 1465 866 1517 προσπορευόμενος
904 1466 1003 1517 πρὸς
1042 1467 1114 1506 τὰς
1154 1465 1278 1506 οἶκίας
1310 1466 1384 1506 τὰς
1420 1464 1813 1515 εὐδαιμονεσ··νιι’.ἰ-ας2

310 1520 517 1570 ἐλάμβανέ
535 1538 575 1560 τι
597 1521 736 1560 ἀείδων
765 1522 816 1560 τὰ
848 1521 944 1560 ἔπεα
972 1521 1084 1570 τάδε,
1109 1521 1132 1560 ἃ
1163 1523 1347 1561 καλεῖται
1376 1521 1604 1573 Εἷρεσιώνη,
1630 1520 1814 1572 ὣδήγουν

309 1576 351 1616 δὲ
373 1577 496 1618 αὐτὸν
517 1578 581 1616 καὶ
604 1579 870 1628 συμπαρῆσαν
890 1578 948 1616 ἀεὶ
970 1581 1052 1617 τῶν
1071 1577 1220 1616 παίδων
1239 1575 1346 1617 τινὲς
1366 1581 1447 1617 τῶν
1468 1576 1689 1628 ἐγχωρίων·

381 1667 552 1731 Δῶμα
569 1663 1091 1734 προσετραπόμεσθ’
1109 1662 1298 1731 ἀνδρὸς
1315 1662 1455 1731 μένγα
1477 1662 1811 1732 δυναμένοιο,

383 1736 437 1793 ὃς
464 1736 606 1803 μέγα
632 1736 730 1803 μὲν
758 1735 999 1797 δύναται,
1021 1736 1164 1804 μέγα
1187 1735 1241 1789 δὲ
1257 1735 1450 1804 βρέμει
1470 1736 1664 1800 ὄλβιος
1683 1734 1808 1788 αἰεί·

380 1810 544 1862 αὐταὶ
572 1808 953 1869 &vamum-065,
981 1808 1161 1879 θύραι·
1199 1812 1442 1865 πλοῦτος
1467 1807 1576 1878 «γὰρ
1604 1808 1781 1861 ἔσεισι

379 1881 609 1944 πολλός,
632 1881 732 1934 σὺν
761 1882 989 1952 πλούτῳ
1018 1881 1073 1934 δὲ
1101 1881 1192 1934 καὶ
1214 1881 1523 1950 εὐφροσύνη
1541 1881 1812 1934 τεθαλυῖα

332 1968 357 2006 5
379 1955 559 2023 εἰρήνη
589 1954 635 2006 τ’
665 1955 862 2022 ἀγαθή·
905 1955 1012 2008 ὅσα
1042 1954 1086 2007 δ’
1115 1954 1306 2023 ἄγγεα,
1325 1954 1507 2022 μεστὰ
1532 1954 1630 2022 μὲν
1657 1955 1756 2019 εἴη,

381 2026 664 2096 κυρβασίη
686 2028 706 2059 3
734 2026 776 2078 δ’
808 2027 909 2080 αἰεὶ
932 2028 1102 2094 μάζης
1129 2026 1274 2080 κατὰ
1301 2026 1583 2096 καρδόπου
1609 2027 1783 2097 ἕρποι.

382 2104 474 2154 νῦν
499 2101 594 2168 μὲν
623 2099 876 2170 κριθαίην
904 2099 1147 2152 εὐώπιδα
1177 2098 1583 2167 σἠσαμόεσσαν

1789 2025 1811 2058 4

1162 2268 1174 2287 Χ

379 2274 475 2323 τοῦ
521 2269 719 2327 παιδὸς
764 2270 819 2323 δὲ
859 2269 994 2338 (γυνὴ
1043 2292 1184 2322 κατα
1232 2267 1520 2340 δίφρακα5
1563 2269 1808 2334 βήσεται

520 2343 703 2411 ὔμμιν,

377 2413 588 2482 ἡμίονοι
617 2414 659 2467 δ’
690 2414 887 2482 ἄξουσι
918 2413 1285 2482 κραταίποδες
1313 2414 1365 2471 ἐς
1392 2412 1515 2467 τόδε
1541 2412 1713 2481 δῶμα,

359 2535 375 2559 1
405 2531 699 2584 unexplained
854 2533 868 2556 ²
898 2532 1018 2573 Suid.
1044 2538 1126 2573 τῶν
1147 2531 1478 2584 ἐπιφανεστάτων
1634 2532 1651 2557 ³
1681 2531 1802 2571 Wil:

303 2602 392 2628 mss
427 2588 609 2639 κυρβαία,
649 2587 771 2628 Suid.
808 2588 974 2639 κυρκαίη
1119 2588 1136 2612 ⁴
1167 2587 1290 2628 Wil:
1317 2600 1406 2627 mss
1440 2589 1549 2638 καρδ.
1589 2587 1643 2639 ἕρ.
1682 2587 1800 2638 μᾶζα,

304 2642 426 2683 Suid.
450 2643 595 2695 δόρπου
618 2643 733 2695 ἕρπεο
753 2643 858 2694 μᾶζα
996 2643 1013 2667 ⁵
1045 2655 1092 2682 so
1112 2641 1247 2683 Suid:
1281 2655 1370 2682 mss
1389 2641 1557 2695 διφράδα

307 2719 399 2767 522
