<?xml version="1.0" encoding="UTF-8"?>
<!DOCTYPE html PUBLIC "-//W3C//DTD XHTML 1.0 Transitional//EN"
    "http://www.w3.org/TR/xhtml1/DTD/xhtml1-transitional.dtd">
<html xmlns="http://www.w3.org/1999/xhtml" xml:lang="en" lang="en">
 <head>
  <title>
</title>
<meta http-equiv="Content-Type" content="text/html;charset=utf-8" />
  <meta name='ocr-system' content='tesseract 3.04.00' />
  <meta name='ocr-capabilities' content='ocr_page ocr_carea ocr_par ocr_line ocrx_word'/>
</head>
<body>
  <div class='ocr_page' id='page_1' title='image "./lyragraecabeingr03edmouoft_0388.png"; bbox 0 0 1900 3072; ppageno 0'>
   <div class='ocr_carea' id='block_1_1' title="bbox 793 147 1311 195">
    <p class='ocr_par' dir='ltr' id='par_1_1' title="bbox 793 147 1311 195">
     <span class='ocr_line' id='line_1_1' title="bbox 793 147 1311 195; baseline -0.002 0"><span class='ocrx_word' id='word_1_1' title='bbox 793 147 981 195; x_wconf 85' lang='lat' dir='ltr'><strong>LYRA</strong></span> <span class='ocrx_word' id='word_1_2' title='bbox 1030 148 1311 195; x_wconf 90' lang='lat' dir='ltr'><strong>GRAECA</strong></span> 
     </span>
    </p>
   </div>
   <div class='ocr_carea' id='block_1_2' title="bbox 292 276 1803 929">
    <p class='ocr_par' dir='ltr' id='par_1_2' title="bbox 292 276 1803 929">
     <span class='ocr_line' id='line_1_2' title="bbox 292 276 1801 348; baseline 0.001 -19"><span class='ocrx_word' id='word_1_3' title='bbox 292 276 560 346; x_wconf 83' lang='grc' dir='ltr'>ρευόντων</span> <span class='ocrx_word' id='word_1_4' title='bbox 611 281 846 345; x_wconf 80' lang='grc' dir='ltr'>μᾶλλον.</span> <span class='ocrx_word' id='word_1_5' title='bbox 938 276 1235 344; x_wconf 79' lang='grc' dir='ltr'>Φιλόξενος</span> <span class='ocrx_word' id='word_1_6' title='bbox 1287 276 1393 347; x_wconf 82' lang='grc' dir='ltr'>γὰρ</span> <span class='ocrx_word' id='word_1_7' title='bbox 1446 276 1472 329; x_wconf 90' lang='lat'>6</span> <span class='ocrx_word' id='word_1_8' title='bbox 1527 277 1801 348; x_wconf 78' lang='grc' dir='ltr'>Κυθήριος</span> 
     </span>
     <span class='ocr_line' id='line_1_3' title="bbox 295 346 1800 420; baseline 0.001 -20"><span class='ocrx_word' id='word_1_9' title='bbox 295 349 578 418; x_wconf 85' lang='grc' dir='ltr'>διαφυγὼν</span> <span class='ocrx_word' id='word_1_10' title='bbox 618 350 713 407; x_wconf 78' lang='grc' dir='ltr'>τὰς</span> <span class='ocrx_word' id='word_1_11' title='bbox 751 374 791 404; x_wconf 83' lang='grc' dir='ltr'>ει</span> <span class='ocrx_word' id='word_1_12' title='bbox 784 351 824 407; x_wconf 85' lang='grc' dir='ltr'>’ς</span> <span class='ocrx_word' id='word_1_13' title='bbox 864 346 1229 420; x_wconf 78' lang='grc' dir='ltr'>Συρακούσας</span> <span class='ocrx_word' id='word_1_14' title='bbox 1259 348 1585 416; x_wconf 81' lang='grc' dir='ltr'>λιθοτομίας</span> <span class='ocrx_word' id='word_1_15' title='bbox 1625 350 1697 407; x_wconf 82' lang='grc' dir='ltr'>εἰς</span> <span class='ocrx_word' id='word_1_16' title='bbox 1738 373 1800 408; x_wconf 91' lang='grc' dir='ltr'>ας</span> 
     </span>
     <span class='ocr_line' id='line_1_4' title="bbox 294 423 1801 492; baseline 0 -18"><span class='ocrx_word' id='word_1_17' title='bbox 294 423 549 476; x_wconf 87' lang='grc' dir='ltr'>ἐνέπεσεν</span> <span class='ocrx_word' id='word_1_18' title='bbox 602 423 685 476; x_wconf 85' lang='grc' dir='ltr'>ὅτι</span> <span class='ocrx_word' id='word_1_19' title='bbox 739 423 834 480; x_wconf 82' lang='grc' dir='ltr'>τὰς</span> <span class='ocrx_word' id='word_1_20' title='bbox 886 428 984 476; x_wconf 84' lang='grc' dir='ltr'>τοῦ</span> <span class='ocrx_word' id='word_1_21' title='bbox 1036 423 1330 476; x_wconf 83' lang='grc' dir='ltr'>Διονυσίου</span> <span class='ocrx_word' id='word_1_22' title='bbox 1384 426 1481 475; x_wconf 88' lang='grc' dir='ltr'>τοῦ</span> <span class='ocrx_word' id='word_1_23' title='bbox 1533 423 1801 492; x_wconf 88' lang='grc' dir='ltr'>τυράννου</span> 
     </span>
     <span class='ocr_line' id='line_1_5' title="bbox 293 495 1802 565; baseline 0.002 -19"><span class='ocrx_word' id='word_1_24' title='bbox 293 495 606 565; x_wconf 74' lang='grc' dir='ltr'>τραγῳδίας</span> <span class='ocrx_word' id='word_1_25' title='bbox 650 497 746 548; x_wconf 85' lang='grc' dir='ltr'>οὐκ</span> <span class='ocrx_word' id='word_1_26' title='bbox 785 495 988 565; x_wconf 86' lang='grc' dir='ltr'>ἐπήνει,</span> <span class='ocrx_word' id='word_1_27' title='bbox 1029 495 1295 564; x_wconf 75' lang='grc' dir='ltr'>διέτριβεν</span> <span class='ocrx_word' id='word_1_28' title='bbox 1333 496 1386 548; x_wconf 89' lang='grc' dir='ltr'>ἐν</span> <span class='ocrx_word' id='word_1_29' title='bbox 1426 495 1667 562; x_wconf 86' lang='grc' dir='ltr'>Τάραντι</span> <span class='ocrx_word' id='word_1_30' title='bbox 1705 499 1802 562; x_wconf 88' lang='grc' dir='ltr'>τῆς</span> 
     </span>
     <span class='ocr_line' id='line_1_6' title="bbox 294 567 1799 638; baseline 0.001 -18"><span class='ocrx_word' id='word_1_31' title='bbox 294 568 566 626; x_wconf 82' lang='grc' dir='ltr'>Σικελίας.</span> <span class='ocrx_word' id='word_1_32' title='bbox 642 569 1138 638; x_wconf 82' lang='grc' dir='ltr'>μεταπεμπομένου</span> <span class='ocrx_word' id='word_1_33' title='bbox 1187 568 1240 621; x_wconf 84' lang='grc' dir='ltr'>δὲ</span> <span class='ocrx_word' id='word_1_34' title='bbox 1289 567 1587 621; x_wconf 84' lang='grc' dir='ltr'>Διονυσίου</span> <span class='ocrx_word' id='word_1_35' title='bbox 1628 567 1799 621; x_wconf 79' lang='grc' dir='ltr'>αὺτὸν</span> 
     </span>
     <span class='ocr_line' id='line_1_7' title="bbox 292 639 1798 710; baseline 0.001 -18"><span class='ocrx_word' id='word_1_36' title='bbox 292 641 387 693; x_wconf 88' lang='grc' dir='ltr'>καὶ</span> <span class='ocrx_word' id='word_1_37' title='bbox 427 641 707 708; x_wconf 77' lang='grc' dir='ltr'>ἀξιοῦντος</span> <span class='ocrx_word' id='word_1_38' title='bbox 748 642 837 694; x_wconf 81' lang='grc' dir='ltr'>διὰ</span> <span class='ocrx_word' id='word_1_39' title='bbox 876 642 1215 710; x_wconf 90' lang='grc' dir='ltr'>γραμμάτων</span> <span class='ocrx_word' id='word_1_40' title='bbox 1254 641 1454 701; x_wconf 79' lang='grc' dir='ltr'>ἐλθεῖν,</span> <span class='ocrx_word' id='word_1_41' title='bbox 1498 639 1798 708; x_wconf 78' lang='grc' dir='ltr'>Φιλόξενος</span> 
     </span>
     <span class='ocr_line' id='line_1_8' title="bbox 293 712 1795 784; baseline 0.001 -20"><span class='ocrx_word' id='word_1_42' title='bbox 293 714 638 784; x_wconf 68' lang='grc' dir='ltr'>ἀντιγράψαι</span> <span class='ocrx_word' id='word_1_43' title='bbox 664 715 762 782; x_wconf 85' lang='grc' dir='ltr'>μὲν</span> <span class='ocrx_word' id='word_1_44' title='bbox 798 716 894 767; x_wconf 76' lang='grc' dir='ltr'>οὐκ</span> <span class='ocrx_word' id='word_1_45' title='bbox 928 715 1084 782; x_wconf 82' lang='grc' dir='ltr'>ἔγνω,</span> <span class='ocrx_word' id='word_1_46' title='bbox 1125 713 1324 776; x_wconf 82' lang='grc' dir='ltr'>λαβὼν</span> <span class='ocrx_word' id='word_1_47' title='bbox 1364 712 1420 766; x_wconf 85' lang='grc' dir='ltr'>δὲ</span> <span class='ocrx_word' id='word_1_48' title='bbox 1458 713 1694 777; x_wconf 87' lang='grc' dir='ltr'>βιβλίον</span> <span class='ocrx_word' id='word_1_49' title='bbox 1732 712 1795 766; x_wconf 86' lang='grc' dir='ltr'>τὸ</span> 
     </span>
     <span class='ocr_line' id='line_1_9' title="bbox 296 784 1803 858; baseline -0.001 -19"><span class='ocrx_word' id='word_1_50' title='bbox 296 787 358 839; x_wconf 75' lang='grc' dir='ltr'>οὗ</span> <span class='ocrx_word' id='word_1_51' title='bbox 390 792 672 858; x_wconf 82' lang='grc' dir='ltr'>στοιχεῖον</span> <span class='ocrx_word' id='word_1_52' title='bbox 701 788 918 857; x_wconf 70' lang='grc' dir='ltr'>ἔγραψε</span> <span class='ocrx_word' id='word_1_53' title='bbox 944 786 1109 853; x_wconf 87' lang='grc' dir='ltr'>μόνον</span> <span class='ocrx_word' id='word_1_54' title='bbox 1135 787 1415 843; x_wconf 79' lang='grc' dir='ltr'>πολλάκις</span> <span class='ocrx_word' id='word_1_55' title='bbox 1444 788 1499 840; x_wconf 90' lang='grc' dir='ltr'>ἐν</span> <span class='ocrx_word' id='word_1_56' title='bbox 1527 787 1694 856; x_wconf 81' lang='grc' dir='ltr'>αὐτῷ,</span> <span class='ocrx_word' id='word_1_57' title='bbox 1714 784 1803 840; x_wconf 83' lang='grc' dir='ltr'>διὰ</span> 
     </span>
     <span class='ocr_line' id='line_1_10' title="bbox 294 858 1724 929; baseline 0.001 -18"><span class='ocrx_word' id='word_1_58' title='bbox 294 860 491 912; x_wconf 84' lang='grc' dir='ltr'>τούτου</span> <span class='ocrx_word' id='word_1_59' title='bbox 520 860 777 926; x_wconf 78' lang='grc' dir='ltr'>δηλώσας</span> <span class='ocrx_word' id='word_1_60' title='bbox 804 861 887 914; x_wconf 87' lang='grc' dir='ltr'>ὅτι</span> <span class='ocrx_word' id='word_1_61' title='bbox 917 859 1014 927; x_wconf 80' lang='grc' dir='ltr'>τὴν</span> <span class='ocrx_word' id='word_1_62' title='bbox 1043 860 1410 929; x_wconf 79' lang='grc' dir='ltr'>παράκλησιν.</span> <span class='ocrx_word' id='word_1_63' title='bbox 1435 858 1724 912; x_wconf 82' lang='grc' dir='ltr'>διωθεῖται.</span> 
     </span>
    </p>
   </div>
   <div class='ocr_carea' id='block_1_3' title="bbox 290 951 1802 2478">
    <p class='ocr_par' dir='ltr' id='par_1_3' title="bbox 290 951 1802 2478">
     <span class='ocr_line' id='line_1_11' title="bbox 365 951 1799 1023; baseline 0.003 -23"><span class='ocrx_word' id='word_1_64' title='bbox 365 954 477 1000; x_wconf 82' lang='lat' dir='ltr'>Sch.</span> <span class='ocrx_word' id='word_1_65' title='bbox 507 955 713 1001; x_wconf 71' lang='lat' dir='ltr'><strong>Alistid.</strong></span> <span class='ocrx_word' id='word_1_66' title='bbox 739 957 816 1003; x_wconf 82' lang='lat'><em>46.</em></span> <span class='ocrx_word' id='word_1_67' title='bbox 845 955 1006 1004; x_wconf 80' lang='lat' dir='ltr'>309D</span> <span class='ocrx_word' id='word_1_68' title='bbox 1072 951 1140 1005; x_wconf 85' lang='grc' dir='ltr'>α’.</span> <span class='ocrx_word' id='word_1_69' title='bbox 1193 951 1331 1021; x_wconf 84' lang='grc' dir='ltr'>μετὰ</span> <span class='ocrx_word' id='word_1_70' title='bbox 1357 951 1464 1023; x_wconf 83' lang='grc' dir='ltr'>γὰρ</span> <span class='ocrx_word' id='word_1_71' title='bbox 1491 951 1589 1020; x_wconf 85' lang='grc' dir='ltr'>τὴν</span> <span class='ocrx_word' id='word_1_72' title='bbox 1615 951 1799 1023; x_wconf 85' lang='grc' dir='ltr'>φυγὴν</span> 
     </span>
     <span class='ocr_line' id='line_1_12' title="bbox 293 1024 1797 1096; baseline 0.001 -19"><span class='ocrx_word' id='word_1_73' title='bbox 293 1024 612 1077; x_wconf 81' lang='grc' dir='ltr'>ἐπέστειλεν</span> <span class='ocrx_word' id='word_1_74' title='bbox 667 1025 814 1094; x_wconf 80' lang='grc' dir='ltr'>αὐτῷ</span> <span class='ocrx_word' id='word_1_75' title='bbox 870 1027 1160 1082; x_wconf 86' lang='grc' dir='ltr'>Διονύσιος</span> <span class='ocrx_word' id='word_1_76' title='bbox 1213 1026 1654 1096; x_wconf 88' lang='grc' dir='ltr'>προτρεπόμενος</span> <span class='ocrx_word' id='word_1_77' title='bbox 1703 1026 1797 1079; x_wconf 90' lang='grc' dir='ltr'>καὶ</span> 
     </span>
     <span class='ocr_line' id='line_1_13' title="bbox 293 1096 1797 1169; baseline 0.001 -20"><span class='ocrx_word' id='word_1_78' title='bbox 293 1096 771 1165; x_wconf 83' lang='grc' dir='ltr'>ἐπαγγελλόμενος</span> <span class='ocrx_word' id='word_1_79' title='bbox 825 1098 893 1154; x_wconf 85' lang='grc' dir='ltr'>ὡς</span> <span class='ocrx_word' id='word_1_80' title='bbox 944 1097 1187 1168; x_wconf 80' lang='grc' dir='ltr'>τεύξοιτό</span> <span class='ocrx_word' id='word_1_81' title='bbox 1241 1120 1382 1155; x_wconf 87' lang='grc' dir='ltr'>τινος</span> <span class='ocrx_word' id='word_1_82' title='bbox 1435 1101 1544 1151; x_wconf 84' lang='grc' dir='ltr'>τῶν</span> <span class='ocrx_word' id='word_1_83' title='bbox 1599 1103 1797 1169; x_wconf 87' lang='grc' dir='ltr'>φιλαν-</span> 
     </span>
     <span class='ocr_line' id='line_1_14' title="bbox 293 1169 1800 1242; baseline 0.002 -21"><span class='ocrx_word' id='word_1_84' title='bbox 293 1170 543 1237; x_wconf 85' lang='grc' dir='ltr'>θρωπων.</span> <span class='ocrx_word' id='word_1_85' title='bbox 648 1169 673 1221; x_wconf 88' lang='grc' dir='ltr'>ὀ</span> <span class='ocrx_word' id='word_1_86' title='bbox 752 1169 806 1222; x_wconf 85' lang='grc' dir='ltr'>δὲ</span> <span class='ocrx_word' id='word_1_87' title='bbox 871 1170 1296 1225; x_wconf 80' lang='grc' dir='ltr'>ἀντεπέστειλεν</span> <span class='ocrx_word' id='word_1_88' title='bbox 1358 1171 1507 1240; x_wconf 83' lang='grc' dir='ltr'>αὐτῷ</span> <span class='ocrx_word' id='word_1_89' title='bbox 1571 1172 1800 1242; x_wconf 75' lang='grc' dir='ltr'>γράψας</span> 
     </span>
     <span class='ocr_line' id='line_1_15' title="bbox 292 1241 1800 1338; baseline 0.002 -44"><span class='ocrx_word' id='word_1_90' title='bbox 292 1241 597 1309; x_wconf 84' lang='grc' dir='ltr'>ἐπιστολὴν</span> <span class='ocrx_word' id='word_1_91' title='bbox 653 1243 835 1303; x_wconf 81' lang='grc' dir='ltr'>οὕτως,</span> <span class='ocrx_word' id='word_1_92' title='bbox 891 1243 1036 1338; x_wconf 67' lang='grc' dir='ltr'>ἄλλο</span> <span class='ocrx_word' id='word_1_93' title='bbox 1091 1245 1188 1312; x_wconf 82' lang='grc' dir='ltr'>μὲν</span> <span class='ocrx_word' id='word_1_94' title='bbox 1241 1244 1484 1315; x_wconf 80' lang='grc' dir='ltr'>ἔχουσαν</span> <span class='ocrx_word' id='word_1_95' title='bbox 1533 1243 1685 1297; x_wconf 81' lang='grc' dir='ltr'>οὐδὲν</span> <span class='ocrx_word' id='word_1_96' title='bbox 1738 1245 1800 1297; x_wconf 78' lang='grc' dir='ltr'>οὗ</span> 
     </span>
     <span class='ocr_line' id='line_1_16' title="bbox 293 1315 1797 1387; baseline 0.001 -20"><span class='ocrx_word' id='word_1_97' title='bbox 293 1315 387 1368; x_wconf 76' lang='grc' dir='ltr'>δὲ1</span> <span class='ocrx_word' id='word_1_98' title='bbox 431 1315 638 1368; x_wconf 86' lang='grc' dir='ltr'>πολλά·</span> <span class='ocrx_word' id='word_1_99' title='bbox 694 1320 855 1369; x_wconf 86' lang='grc' dir='ltr'>τοῦτο</span> <span class='ocrx_word' id='word_1_100' title='bbox 899 1316 954 1369; x_wconf 84' lang='grc' dir='ltr'>δὲ</span> <span class='ocrx_word' id='word_1_101' title='bbox 996 1317 1268 1385; x_wconf 85' lang='grc' dir='ltr'>ἐσήμανεν</span> <span class='ocrx_word' id='word_1_102' title='bbox 1315 1318 1346 1383; x_wconf 85' lang='grc' dir='ltr'>ἡ</span> <span class='ocrx_word' id='word_1_103' title='bbox 1386 1315 1576 1387; x_wconf 81' lang='grc' dir='ltr'>γραφὴ</span> <span class='ocrx_word' id='word_1_104' title='bbox 1615 1316 1797 1385; x_wconf 82' lang='grc' dir='ltr'>μόνον·</span> 
     </span>
     <span class='ocr_line' id='line_1_17' title="bbox 294 1388 1798 1479; baseline 0.002 -39"><span class='ocrx_word' id='word_1_105' title='bbox 294 1390 380 1442; x_wconf 84' lang='grc' dir='ltr'>Οὐ</span> <span class='ocrx_word' id='word_1_106' title='bbox 421 1388 576 1456; x_wconf 85' lang='grc' dir='ltr'>μέλει</span> <span class='ocrx_word' id='word_1_107' title='bbox 621 1411 713 1456; x_wconf 90' lang='grc' dir='ltr'>μοι</span> <span class='ocrx_word' id='word_1_108' title='bbox 760 1391 865 1442; x_wconf 72' lang='grc' dir='ltr'>τῶν</span> <span class='ocrx_word' id='word_1_109' title='bbox 913 1392 1163 1443; x_wconf 84' lang='grc' dir='ltr'>σῶν·οὐ</span> <span class='ocrx_word' id='word_1_110' title='bbox 1204 1388 1494 1479; x_wconf 85' lang='grc' dir='ltr'>φροντίζω·</span> <span class='ocrx_word' id='word_1_111' title='bbox 1551 1390 1612 1442; x_wconf 80' lang='grc' dir='ltr'>οὐ</span> <span class='ocrx_word' id='word_1_112' title='bbox 1655 1389 1798 1443; x_wconf 85' lang='grc' dir='ltr'>θέλω</span> 
     </span>
     <span class='ocr_line' id='line_1_18' title="bbox 293 1460 1798 1530; baseline 0.001 -16"><span class='ocrx_word' id='word_1_113' title='bbox 293 1462 474 1514; x_wconf 83' lang='grc' dir='ltr'>ἐλθεῖν</span> <span class='ocrx_word' id='word_1_114' title='bbox 503 1460 657 1528; x_wconf 82' lang='grc' dir='ltr'>παρὰ</span> <span class='ocrx_word' id='word_1_115' title='bbox 685 1461 765 1514; x_wconf 80' lang='grc' dir='ltr'>σε’.</span> <span class='ocrx_word' id='word_1_116' title='bbox 820 1464 1028 1530; x_wconf 74' lang='grc' dir='ltr'>οἴμωζε,</span> <span class='ocrx_word' id='word_1_117' title='bbox 1061 1462 1308 1528; x_wconf 85' lang='grc' dir='ltr'>ὀλόλυζε,</span> <span class='ocrx_word' id='word_1_118' title='bbox 1337 1460 1589 1530; x_wconf 84' lang='grc' dir='ltr'>γόγγυζε.</span> <span class='ocrx_word' id='word_1_119' title='bbox 1653 1461 1798 1526; x_wconf 79' lang='grc' dir='ltr'>-β’.</span> 
     </span>
     <span class='ocr_line' id='line_1_19' title="bbox 294 1534 1802 1623; baseline 0.001 -36"><span class='ocrx_word' id='word_1_120' title='bbox 294 1534 641 1602; x_wconf 76' lang='grc' dir='ltr'>Φιλόξενος</span> <span class='ocrx_word' id='word_1_121' title='bbox 618 1558 643 1586; x_wconf 95' lang='grc' dir='ltr'>ο</span> <span class='ocrx_word' id='word_1_122' title='bbox 675 1535 948 1605; x_wconf 85' lang='grc' dir='ltr'>Κυθηριος</span> <span class='ocrx_word' id='word_1_123' title='bbox 972 1535 1259 1623; x_wconf 82' lang='grc' dir='ltr'>διαφυγὼν</span> <span class='ocrx_word' id='word_1_124' title='bbox 1294 1536 1391 1592; x_wconf 79' lang='grc' dir='ltr'>τὰς</span> <span class='ocrx_word' id='word_1_125' title='bbox 1424 1534 1694 1603; x_wconf 83' lang='grc' dir='ltr'>λατομίας</span> <span class='ocrx_word' id='word_1_126' title='bbox 1728 1534 1802 1592; x_wconf 85' lang='grc' dir='ltr'>εἰς</span> 
     </span>
     <span class='ocr_line' id='line_1_20' title="bbox 294 1606 1800 1676; baseline 0.001 -17"><span class='ocrx_word' id='word_1_127' title='bbox 294 1607 355 1665; x_wconf 77' lang='grc' dir='ltr'>ἑις</span> <span class='ocrx_word' id='word_1_128' title='bbox 402 1608 569 1660; x_wconf 82' lang='grc' dir='ltr'>αὐτὸν</span> <span class='ocrx_word' id='word_1_129' title='bbox 620 1606 906 1665; x_wconf 87' lang='grc' dir='ltr'>Διονύσιος</span> <span class='ocrx_word' id='word_1_130' title='bbox 960 1606 985 1661; x_wconf 95' lang='lat'>6</span> <span class='ocrx_word' id='word_1_131' title='bbox 1034 1610 1294 1676; x_wconf 87' lang='grc' dir='ltr'>τύραννος</span> <span class='ocrx_word' id='word_1_132' title='bbox 1347 1607 1652 1672; x_wconf 87' lang='grc' dir='ltr'>ἐνέβαλλεν</span> <span class='ocrx_word' id='word_1_133' title='bbox 1702 1608 1800 1661; x_wconf 81' lang='grc' dir='ltr'>οὐκ</span> 
     </span>
     <span class='ocr_line' id='line_1_21' title="bbox 293 1679 1797 1751; baseline 0.001 -19"><span class='ocrx_word' id='word_1_134' title='bbox 293 1681 626 1733; x_wconf 85' lang='grc' dir='ltr'>ἐπαινοῦντα</span> <span class='ocrx_word' id='word_1_135' title='bbox 679 1679 776 1737; x_wconf 83' lang='grc' dir='ltr'>τὰς</span> <span class='ocrx_word' id='word_1_136' title='bbox 827 1680 1134 1751; x_wconf 85' lang='grc' dir='ltr'>τραγωδίας</span> <span class='ocrx_word' id='word_1_137' title='bbox 1187 1682 1374 1740; x_wconf 85' lang='grc' dir='ltr'>αὐτοῦ,</span> <span class='ocrx_word' id='word_1_138' title='bbox 1425 1680 1699 1746; x_wconf 84' lang='grc' dir='ltr'>διέτριβεν</span> <span class='ocrx_word' id='word_1_139' title='bbox 1743 1682 1797 1734; x_wconf 88' lang='grc' dir='ltr'>ἐν</span> 
     </span>
     <span class='ocr_line' id='line_1_22' title="bbox 296 1751 1802 1823; baseline 0.001 -19"><span class='ocrx_word' id='word_1_140' title='bbox 296 1752 544 1823; x_wconf 86' lang='grc' dir='ltr'>Κρότωνι</span> <span class='ocrx_word' id='word_1_141' title='bbox 577 1758 670 1820; x_wconf 85' lang='grc' dir='ltr'>τῆς</span> <span class='ocrx_word' id='word_1_142' title='bbox 703 1752 964 1811; x_wconf 81' lang='grc' dir='ltr'>Ἰταλίας.</span> <span class='ocrx_word' id='word_1_143' title='bbox 1044 1753 1345 1822; x_wconf 88' lang='grc' dir='ltr'>πυθόμενος</span> <span class='ocrx_word' id='word_1_144' title='bbox 1375 1752 1431 1806; x_wconf 85' lang='grc' dir='ltr'>δὲ</span> <span class='ocrx_word' id='word_1_145' title='bbox 1458 1751 1483 1805; x_wconf 88' lang='grc' dir='ltr'>ὁ</span> <span class='ocrx_word' id='word_1_146' title='bbox 1513 1753 1802 1811; x_wconf 88' lang='grc' dir='ltr'>Διονύσιος</span> 
     </span>
     <span class='ocr_line' id='line_1_23' title="bbox 293 1824 1800 1896; baseline 0 -18"><span class='ocrx_word' id='word_1_147' title='bbox 293 1825 448 1892; x_wconf 80' lang='grc' dir='ltr'>ἠξίου</span> <span class='ocrx_word' id='word_1_148' title='bbox 477 1826 643 1879; x_wconf 80' lang='grc' dir='ltr'>αὐτὸν</span> <span class='ocrx_word' id='word_1_149' title='bbox 671 1826 743 1883; x_wconf 77' lang='grc' dir='ltr'>εἰς</span> <span class='ocrx_word' id='word_1_150' title='bbox 772 1826 1133 1896; x_wconf 83' lang='grc' dir='ltr'>Συρακούσας</span> <span class='ocrx_word' id='word_1_151' title='bbox 1170 1824 1599 1896; x_wconf 87' lang='grc' dir='ltr'>παραγενέσθαι.</span> <span class='ocrx_word' id='word_1_152' title='bbox 1677 1824 1702 1878; x_wconf 90' lang='grc' dir='ltr'>ὁ</span> <span class='ocrx_word' id='word_1_153' title='bbox 1743 1825 1800 1879; x_wconf 87' lang='grc' dir='ltr'>δὲ</span> 
     </span>
     <span class='ocr_line' id='line_1_24' title="bbox 294 1897 1801 1970; baseline 0 -18"><span class='ocrx_word' id='word_1_154' title='bbox 294 1898 430 1968; x_wconf 73' lang='grc' dir='ltr'>πρὸς</span> <span class='ocrx_word' id='word_1_155' title='bbox 483 1903 661 1951; x_wconf 86' lang='grc' dir='ltr'>ταῦτα</span> <span class='ocrx_word' id='word_1_156' title='bbox 718 1900 917 1962; x_wconf 85' lang='grc' dir='ltr'>λαβὼν</span> <span class='ocrx_word' id='word_1_157' title='bbox 979 1900 1212 1970; x_wconf 81' lang='grc' dir='ltr'>χάρτην,</span> <span class='ocrx_word' id='word_1_158' title='bbox 1265 1899 1358 1951; x_wconf 88' lang='grc' dir='ltr'>καὶ</span> <span class='ocrx_word' id='word_1_159' title='bbox 1423 1897 1568 1952; x_wconf 86' lang='grc' dir='ltr'>κατὰ</span> <span class='ocrx_word' id='word_1_160' title='bbox 1629 1898 1801 1967; x_wconf 84' lang='grc' dir='ltr'>μέσον</span> 
     </span>
     <span class='ocr_line' id='line_1_25' title="bbox 292 1970 1802 2041; baseline 0.001 -18"><span class='ocrx_word' id='word_1_161' title='bbox 292 1972 520 2041; x_wconf 73' lang='grc' dir='ltr'>γράψας</span> <span class='ocrx_word' id='word_1_162' title='bbox 559 1970 753 2040; x_wconf 83' lang='grc' dir='ltr'>μικρὸν</span> <span class='ocrx_word' id='word_1_163' title='bbox 793 1972 870 2032; x_wconf 79' lang='grc' dir='ltr'>οὖ,</span> <span class='ocrx_word' id='word_1_164' title='bbox 900 1973 1025 2039; x_wconf 87' lang='grc' dir='ltr'>περὶ</span> <span class='ocrx_word' id='word_1_165' title='bbox 1065 1976 1226 2025; x_wconf 82' lang='grc' dir='ltr'>τοῦτο</span> <span class='ocrx_word' id='word_1_166' title='bbox 1265 1972 1447 2040; x_wconf 86' lang='grc' dir='ltr'>μεῖζον</span> <span class='ocrx_word' id='word_1_167' title='bbox 1486 1971 1640 2028; x_wconf 89' lang='grc' dir='ltr'>&lt;καὶ</span> <span class='ocrx_word' id='word_1_168' title='bbox 1671 1971 1802 2041; x_wconf 86' lang='grc' dir='ltr'>περὶ</span> 
     </span>
     <span class='ocr_line' id='line_1_26' title="bbox 293 2044 1798 2133; baseline 0.001 -37"><span class='ocrx_word' id='word_1_169' title='bbox 293 2048 456 2097; x_wconf 83' lang='grc' dir='ltr'>τοῦτο</span> <span class='ocrx_word' id='word_1_170' title='bbox 505 2046 748 2111; x_wconf 86' lang='grc' dir='ltr'>μεῖζον&gt;</span> <span class='ocrx_word' id='word_1_171' title='bbox 804 2046 1240 2115; x_wconf 80' lang='grc' dir='ltr'>περιεχάραττεν</span> <span class='ocrx_word' id='word_1_172' title='bbox 1289 2046 1433 2097; x_wconf 85' lang='grc' dir='ltr'>ὥστε</span> <span class='ocrx_word' id='word_1_173' title='bbox 1485 2044 1548 2098; x_wconf 85' lang='grc' dir='ltr'>τὸ</span> <span class='ocrx_word' id='word_1_174' title='bbox 1602 2049 1798 2133; x_wconf 85' lang='grc' dir='ltr'>σχῆμα</span> 
     </span>
     <span class='ocr_line' id='line_1_27' title="bbox 294 2116 1801 2206; baseline 0.001 -37"><span class='ocrx_word' id='word_1_175' title='bbox 294 2139 540 2170; x_wconf 91' lang='grc' dir='ltr'>τοιουτον</span> <span class='ocrx_word' id='word_1_176' title='bbox 567 2117 841 2206; x_wconf 89' lang='grc' dir='ltr'>γενέσθαι,</span> <span class='ocrx_word' id='word_1_177' title='bbox 870 2117 966 2170; x_wconf 86' lang='grc' dir='ltr'>καὶ</span> <span class='ocrx_word' id='word_1_178' title='bbox 991 2118 1218 2184; x_wconf 86' lang='grc' dir='ltr'>πλησας</span> <span class='ocrx_word' id='word_1_179' title='bbox 1246 2117 1453 2170; x_wconf 87' lang='grc' dir='ltr'>τούτων</span> <span class='ocrx_word' id='word_1_180' title='bbox 1485 2117 1671 2170; x_wconf 86' lang='grc' dir='ltr'>πάντα</span> <span class='ocrx_word' id='word_1_181' title='bbox 1706 2116 1801 2170; x_wconf 86' lang='grc' dir='ltr'>τὸν</span> 
     </span>
     <span class='ocr_line' id='line_1_28' title="bbox 291 2189 1799 2260; baseline 0.001 -19"><span class='ocrx_word' id='word_1_182' title='bbox 291 2191 507 2260; x_wconf 86' lang='grc' dir='ltr'>χάρτην</span> <span class='ocrx_word' id='word_1_183' title='bbox 559 2190 827 2260; x_wconf 67' lang='grc' dir='ltr'>ἔπεμψεν,</span> <span class='ocrx_word' id='word_1_184' title='bbox 881 2190 1160 2260; x_wconf 86' lang='grc' dir='ltr'>ἐμφαίνων</span> <span class='ocrx_word' id='word_1_185' title='bbox 1223 2190 1307 2242; x_wconf 86' lang='grc' dir='ltr'>ὅτι</span> <span class='ocrx_word' id='word_1_186' title='bbox 1369 2189 1647 2248; x_wconf 88' lang='grc' dir='ltr'>πολλάκις</span> <span class='ocrx_word' id='word_1_187' title='bbox 1704 2189 1799 2242; x_wconf 88' lang='grc' dir='ltr'>καὶ</span> 
     </span>
     <span class='ocr_line' id='line_1_29' title="bbox 291 2262 1798 2333; baseline 0 -19"><span class='ocrx_word' id='word_1_188' title='bbox 291 2264 545 2330; x_wconf 82' lang='grc' dir='ltr'>μεγάλως</span> <span class='ocrx_word' id='word_1_189' title='bbox 582 2263 845 2332; x_wconf 84' lang='grc' dir='ltr'>ἀρνεῖται·</span> <span class='ocrx_word' id='word_1_190' title='bbox 924 2263 1098 2316; x_wconf 88' lang='grc' dir='ltr'>ὅθεν’</span> <span class='ocrx_word' id='word_1_191' title='bbox 1074 2263 1163 2316; x_wconf 86' lang='grc' dir='ltr'>επὶ</span> <span class='ocrx_word' id='word_1_192' title='bbox 1194 2266 1301 2316; x_wconf 85' lang='grc' dir='ltr'>τῶν</span> <span class='ocrx_word' id='word_1_193' title='bbox 1327 2262 1583 2330; x_wconf 84' lang='grc' dir='ltr'>μεγάλως</span> <span class='ocrx_word' id='word_1_194' title='bbox 1611 2262 1798 2333; x_wconf 84' lang='grc' dir='ltr'>ἀρνου-</span> 
     </span>
     <span class='ocr_line' id='line_1_30' title="bbox 290 2334 1800 2404; baseline 0 -17"><span class='ocrx_word' id='word_1_195' title='bbox 290 2334 463 2402; x_wconf 88' lang='grc' dir='ltr'>μένων</span> <span class='ocrx_word' id='word_1_196' title='bbox 527 2335 800 2404; x_wconf 87' lang='grc' dir='ltr'>παροιμία</span> <span class='ocrx_word' id='word_1_197' title='bbox 863 2334 926 2387; x_wconf 83' lang='grc' dir='ltr'>τὸ</span> <span class='ocrx_word' id='word_1_198' title='bbox 989 2334 1293 2403; x_wconf 80' lang='grc' dir='ltr'>Φιλοξένου</span> <span class='ocrx_word' id='word_1_199' title='bbox 1356 2335 1435 2388; x_wconf 80' lang='grc' dir='ltr'>οὗ.</span> <span class='ocrx_word' id='word_1_200' title='bbox 1546 2334 1644 2402; x_wconf 85' lang='grc' dir='ltr'>τὴν</span> <span class='ocrx_word' id='word_1_201' title='bbox 1707 2335 1800 2387; x_wconf 79' lang='grc' dir='ltr'>οὖν</span> 
     </span>
     <span class='ocr_line' id='line_1_31' title="bbox 294 2406 1800 2478; baseline 0.001 -19"><span class='ocrx_word' id='word_1_202' title='bbox 294 2406 551 2472; x_wconf 84' lang='grc' dir='ltr'>τοιαύτην</span> <span class='ocrx_word' id='word_1_203' title='bbox 618 2407 1044 2478; x_wconf 79' lang='grc' dir='ltr'>ἀπαγόρευσιν2</span> <span class='ocrx_word' id='word_1_204' title='bbox 1111 2407 1456 2478; x_wconf 81' lang='grc' dir='ltr'>Ἀριστείδης</span> <span class='ocrx_word' id='word_1_205' title='bbox 1523 2406 1800 2478; x_wconf 88' lang='grc' dir='ltr'>ἐμφαίνων</span> 
     </span>
    </p>
   </div>
   <div class='ocr_carea' id='block_1_4' title="bbox 592 2528 1510 2581">
    <p class='ocr_par' dir='ltr' id='par_1_4' title="bbox 592 2528 1510 2581">
     <span class='ocr_line' id='line_1_32' title="bbox 592 2528 1510 2581; baseline 0 -12"><span class='ocrx_word' id='word_1_206' title='bbox 592 2528 608 2554; x_wconf 81' lang='lat'>²</span> <span class='ocrx_word' id='word_1_207' title='bbox 637 2542 724 2569; x_wconf 84' lang='lat' dir='ltr'>mss</span> <span class='ocrx_word' id='word_1_208' title='bbox 747 2531 854 2580; x_wconf 79' lang='grc' dir='ltr'>οὐδε,</span> <span class='ocrx_word' id='word_1_209' title='bbox 875 2528 1016 2570; x_wconf 84' lang='grc' dir='ltr'>ουδένα</span> <span class='ocrx_word' id='word_1_210' title='bbox 1183 2528 1198 2552; x_wconf 88' lang='lat'>²</span> <span class='ocrx_word' id='word_1_211' title='bbox 1227 2542 1315 2570; x_wconf 84' lang='lat' dir='ltr'>mss</span> <span class='ocrx_word' id='word_1_212' title='bbox 1334 2543 1510 2581; x_wconf 86' lang='grc' dir='ltr'>προσαγ.</span> 
     </span>
    </p>
   </div>
   <div class='ocr_carea' id='block_1_5' title="bbox 297 2609 389 2657">
    <p class='ocr_par' dir='ltr' id='par_1_5' title="bbox 297 2609 389 2657">
     <span class='ocr_line' id='line_1_33' title="bbox 297 2609 389 2657; baseline -0.011 0"><span class='ocrx_word' id='word_1_213' title='bbox 297 2609 389 2657; x_wconf 87' lang='grc'>372</span> 
     </span>
    </p>
   </div>
  </div>
 </body>
</html>
