1900 3072
777 215 964 263 LYRA
1013 215 1294 264 GRAECA

291 417 311 436 Δ
351 345 522 407 Heph-
567 368 626 398 π
667 367 856 414 ποιημ.
900 350 964 394 iii
1009 347 1215 394 Consbr.
1292 344 1689 413 ἀπολελυμένα
1727 345 1783 399 δὲ

286 441 320 469 α
368 417 486 484 εἰκη
538 417 851 488 ’γέγραπται
896 418 991 472 καὶ
1037 418 1163 472 ἄνευ
1213 418 1410 488 μέτρου
1464 418 1781 488 ὡρισμένου,

283 489 390 543 οἷοί
416 490 554 544 εἰσιν
581 491 632 544 οἱ
659 491 810 560 νόμοι
840 493 889 546 οἱ
916 490 1271 562 κιθαρῳδικοὶ
1298 491 1583 559 Τιμοθέου.

351 585 502 632 Arist.
533 585 688 632 Ρ7οῖ7Ι.
724 587 797 633 19.
831 588 890 634 15
935 584 1023 639 διὰ
1070 584 1124 638 τί
1169 585 1219 638 οἱ
1259 585 1355 651 μὲν
1397 584 1550 654 νόμοι
1591 585 1688 638 οὐκ
1729 585 1784 638 ἐν

285 657 673 728 ἀντιστρόφοις
725 658 1029 719 ἐποιοῦντο,
1085 657 1143 711 αἱ
1196 657 1252 711 δὲ
1303 657 1479 712 ἄλλαι
1531 656 1683 728 ᾧδαί,
1731 657 1787 711 αἱ

283 730 547 801 χορικαί,·
589 730 622 798 ἢ
659 730 743 784 ὅτι
779 731 831 785 οἱ
865 732 963 800 μὲν
995 731 1148 799 νόμοι
1180 731 1504 798 ἀγωνιστῶν
1533 732 1677 797 ἦσαν
1713 730 1786 784 ὧν

282 803 384 871 ἤδη
412 804 701 872 μιμεῖσθαι
732 803 1037 873 δυναμένων
1077 805 1170 857 καὶ
1208 803 1587 858 διατείνασθαι
1614 809 1647 871 ἡ
1677 801 1785 875 ᾠδὴ

284 875 490 944 ε”γίνετο
529 876 717 946 μακρὰ
756 877 850 930 καὶ
889 876 1225 943 πολυειδής;
1267 876 1521 946 καθάπερ
1559 877 1654 930 οὖν
1691 876 1787 929 καὶ

286 949 356 1002 τὰ
396 951 633 1020 ῥήματα,
683 950 775 1004 καὶ
814 950 883 1004 τὰ
919 950 1061 1019 μέλη
1110 954 1175 1020 τῇ
1219 948 1446 1018 μιμήσει
1496 948 1787 1016 ἠκολούθει

286 1023 368 1076 ἀεὶ
398 1024 555 1092 ἕτερα
580 1021 860 1090 Ὑενόμενα.
940 1027 1160 1089 μᾶλλον
1179 1022 1286 1094 «γὰρ
1307 1027 1382 1093 τῷ
1398 1021 1553 1091 μέλει
1574 1022 1787 1090 ἀνάνγκη

285 1095 628 1163 μιμεῖσθαι
598 1120 631 1163 η
653 1100 766 1154 τοῖς·
786 1097 1045 1165 ῥημασιν.
1125 1095 1206 1149 διὸ
1234 1096 1327 1149 καὶ
1353 1096 1406 1149 οἱ
1433 1095 1787 1165 διθύραμβοι,

285 1168 473 1234 ἐπειδὴ
514 1170 800 1237 μιμητικοὶ
846 1169 1111 1237 ἐγένοντο,
1152 1169 1335 1222 οὐκέτι
1379 1169 1607 1240 ἔχουσιν
1643 1169 1787 1221 ἀντι-

289 1241 579 1312 στρόφους,
623 1241 889 1313 πρότερον
929 1242 985 1295 δὲ
1030 1242 1196 1312 εἶχον.
1275 1242 1451 1295 αι’τιον
1496 1241 1551 1294 δὲ
1596 1241 1682 1294 ὅτι
1725 1241 1788 1294 τὸ

286 1314 534 1368 τ-αλαιὸν
561 1315 611 1368 οἱ
631 1315 949 1386 ἐλεύθεροι’
926 1314 1182 1403 εχόρενον
1202 1314 1378 1368 αὐτοί·
1421 1314 1670 1371 πολλους
1699 1314 1790 1367 οὖν

287 1388 661 1455 ἀὙωνιστικῶς
701 1387 848 1442 ἅδειν
887 1386 1171 1481 χαλεπὸν
1186 1388 1265 1453 ἢν,
1309 1387 1454 1440 ὥστε
1499 1385 1790 1457 ἐναρμόνια

286 1461 428 1551 μέλη
448 1460 650 1530 ἐνῇδον·
707 1463 1091 1528 μεταβάλλειν
1108 1460 1214 1531 γὰρ
1234 1459 1453 1518 πολλὰς·
1470 1459 1791 1527 μεταβολὰς

289 1538 363 1586 τῶ
403 1534 479 1587 ἑνὶ
514 1535 646 1605 ῥᾶον
687 1534 720 1601 ἢ
757 1539 869 1592 τοῖς
906 1538 1160 1594 πολλοις,
1197 1534 1292 1587 καὶ
1330 1539 1403 1604 τῷ
1441 1534 1722 1603 ἀγωνιστῇ
1758 1532 1791 1600 ἢ

290 1611 401 1665 τοῖς
465 1605 526 1659 τὸ
590 1607 717 1673 ἦθος
784 1608 1183 1678 φυλάττουσιν.
1286 1605 1366 1659 διὸ
1431 1605 1794 1676 ἁπλούστερα

290 1678 509 1732 ἐποίουν
573 1681 758 1737 αὐτοῖς
822 1680 890 1734 τὰ
954 1680 1113 1748 μέλη.
1207 1681 1238 1746 ἡ
1307 1678 1362 1732 δὲ
1426 1677 1793 1749 ἀντίστροφος

291 1754 525 1806 ἄπλουν·
567 1753 794 1821 ἀριθμὸς
819 1755 926 1821 «γάρ
961 1753 1080 1806 ἐστι
1116 1753 1210 1805 καὶ
1246 1752 1320 1805 ἑνὶ
1353 1755 1651 1820 μετρεῖται.
1729 1751 1792 1803 τὸ

293 1824 335 1878 δ’
369 1826 503 1879 αὐτὸ
542 1828 718 1879 αἴτιον
755 1826 850 1879 καὶ
887 1825 1025 1879 διότι
1062 1825 1131 1878 τὰ
1165 1825 1260 1893 μὲν
1301 1824 1413 1878 ἀπὸ
1453 1847 1547 1892 της
1587 1829 1793 1890 σκηνῆς

294 1899 390 1952 οὐκ
423 1897 790 1969 ἀντιστροφα,
828 1899 897 1952 τὰ
935 1898 989 1951 δὲ
1022 1902 1117 1952 τοῦ
1149 1902 1321 1969 χοροῦ
1357 1898 1717 1983 ἀντίστροφα·
1767 1895 1792 1949 6

291 1971 389 2039 μὲν
420 1971 526 2038 «γὰρ
561 1972 857 2042 ὑποκριτὴς
892 1971 1202 2041 ιἰνγωνιστης
1239 1971 1333 2024 καὶ
1372 1970 1626 2039 μιμητής,
1669 1968 1695 2022 ὁ
1739 1969 1796 2022 δὲ

291 2045 455 2115 χορὸς
484 2068 649 2110 ηττον
675 2050 933 2114 μιμεῖται.

363 2138 483 2184 Poll.
535 2140 577 2184 4.
632 2140 692 2185 66
745 2138 877 2208 μέρη
932 2138 987 2191 δὲ
1053 2142 1150 2192 τοῦ
1208 2136 1576 2207 κιθαρῳδικοὶ)
1627 2134 1793 2204 νόμου

293 2210 645 2281 Τερπάνδρου
681 2210 1111 2279 κατανείμαντος
1155 2211 1312 2271 ἑπτά,
1359 2209 1508 2280 ἀρχὰ
1541 2207 1796 2279 μεταρχὰ

293 2283 622 2353 κατατροπά
695 2282 1171 2352 μετακατατροπά
1243 2281 1491 2353 ὀμφαλὸς
1554 2281 1798 2352 σφραὙὶς

290 2355 568 2423 ἐπίλογος.

350 2505 364 2529 ¹
394 2505 471 2544 the
512 2507 715 2558 meaning
756 2506 800 2545 of
848 2506 973 2545 these
1015 2511 1103 2545 two
1144 2511 1279 2545 terms
1319 2506 1354 2544 is
1393 2504 1631 2552 unknown
1671 2503 1792 2555 perh.

300 2560 509 2612 ‘settlinr
538 2560 667 2599 down
691 2565 738 2599 to
773 2561 850 2600 the
881 2560 1076 2611 subjeet'
1189 2559 1271 2599 ²it
1292 2560 1327 2599 is
1348 2558 1548 2611 unlikely
1577 2535 1679 2598 th'at
1706 2557 1797 2598 this

295 2595 507 2654 divisione
505 2628 606 2667 goes
626 2615 741 2655 baok
764 2620 811 2655 to
841 2614 1095 2667 Terpander

299 2697 393 2741 294
