1900 3072
777 202 962 250 LYRA
1012 199 1292 247 GRAECA

283 338 483 392 εἶδωλα
514 334 727 406 ἄφρονά
756 355 813 386 τε
834 331 927 385 καὶ
955 330 1187 396 ἀκίνητα
1213 325 1786 397 ἀξιοθαυμαστότεροι

285 411 422 464 εἶναι
450 410 482 477 ἢ
511 409 560 463 οἱ
589 411 696 478 ζῷα
726 405 970 476 ἔμφρονά
998 426 1056 456 τε
1081 402 1177 455 καὶ
1203 402 1434 472 ἐνερνγά·
1418 443 1430 463 ,

358 526 510 571 A1ist
551 523 642 573 Rh.
681 523 727 570 3.
753 524 782 570 9
855 516 1052 586 ὁμοίως
1095 515 1151 570 δὲ
1195 515 1288 568 καὶ
1331 514 1389 568 αἱ
1439 512 1684 584 περίοδοι
1729 512 1787 565 αἱ

284 594 489 664 μακραὶ
519 593 682 645 οὖσαι
708 587 874 657 λόγος
913 589 1123 658 «γίνεται
1161 588 1252 641 καὶ
1297 588 1361 640 ἀν
1353 586 1613 656 ἀβολῇ“
1585 608 1787 652 ομοιον.

286 669 428 721 ὥστε
472 665 680 735 «γίνεται
733 662 758 714 ὃ
805 662 1034 732 ἔσκωψε
1076 660 1417 728 Δημόκριτος
1464 658 1489 712 ὁ
1539 662 1669 715 Χῖος
1715 657 1788 714 εἰς

286 736 724 802 Μελανιππίδην
750 735 1067 803 ποιήσαντα
1108 733 1230 788 ἀντὶ
1266 737 1372 786 τῶν
1400 729 1786 801 ἀντιστρόφων

286 813 592 878 ἀναβολάς·

361 917 410 970 οἶ
440 918 482 969 τ’
506 915 655 985 αὐτῷ
679 911 826 966 κακὰ
849 911 1031 984 τεύχει
1052 909 1189 978 ἀνὴρ
1211 908 1371 979 ἄλλῳ
1392 906 1540 961 κακὰ
1560 907 1790 978 τεύχων,

359 993 391 1058 ἡ
420 988 476 1042 δὲ
501 985 687 1056 μακρὰ
714 985 948 1052 ’ναβολὴ
977 989 1052 1054 τῷ
1079 983 1382 1049 ποιήσαντι
1409 979 1664 1046 κακίστη·

288 1092 546 1165 ἁρμόττει
563 1090 670 1161 γὰρ
693 1089 753 1144 τὸ
773 1092 1022 1143 τοιοῦτον
1042 1087 1132 1140 καὶ
1157 1086 1229 1144 εἰς
1252 1086 1375 1142 τοὺς
1396 1083 1792 1154 μακροκώλους

286 1168 483 1236 λὲνγειν.

360 1283 490 1328 Plut.
520 1280 630 1326 Non
661 1295 798 1342 posse
832 1295 957 1323 suan.
989 1278 1050 1324 13
1113 1272 1244 1325 ὀὐδὲ
1284 1269 1390 1341 «γὰρ
1417 1269 1601 1342 Ἱέρων
1639 1271 1687 1338 «γ’
1725 1269 1792 1323 ἂν

292 1350 398 1402 οὐδ’
423 1349 707 1403 ”Ατταλος
745 1345 852 1399 οὐδ’
883 1344 1193 1415 Ἀρχέλαος
1231 1344 1594 1410 ἐπείσθησαν,
1631 1342 1794 1413 Εὐρι·

293 1422 458 1486 πίδην
522 1422 615 1474 καὶ
677 1417 981 1488 Σιμωνίδην
1047 1418 1140 1471 καὶ
1202 1415 1641 1481 Μελανιππίδην
1700 1415 1794 1468 καὶ

295 1495 591 1582 Κράτητας
643 1493 736 1546 καὶ
779 1489 1071 1548 Διοδότους
1125 1490 1539 1557 ἀναστήσαντες
1583 1490 1642 1542 ἐκ
1689 1491 1795 1541 τῶν

294 1565 640 1634 συμποσίων,
667 1568 1005 1618 κατακλιναι
1045 1563 1342 1634 Κάρδακας
1381 1562 1475 1615 καὶ
1500 1563 1798 1631 ἈὙριᾶνας

291 1641 410 1709 μεθ’
478 1640 683 1693 ἑαυτῶν
744 1637 837 1690 καὶ
912 1635 1170 1694 Καλλίας
1233 1634 1639 1703 «γελωτοποιοὺς
1703 1633 1794 1686 καὶ

295 1711 655 1784 Θρασωνίδας
683 1709 830 1767 τινὰς
859 1709 953 1762 καὶ
984 1709 1414 1777 Θρασυλέοντας
1447 1706 1794 1775 ὀλολυγμοὺς

294 1786 388 1840 καὶ
416 1783 851 1856 κροτοθορύβους
879 1786 1188 1838 ποιοῦντας.

362 1901 503 1949 Antk.
533 1899 640 1947 Pal.
670 1900 715 1948 4.
745 1900 786 1947 1.
808 1899 834 1946 7
900 1896 1234 1966 Μελεάγρου
1262 1893 1558 1965 Στέφανος·
1598 1935 1608 1947 .
1645 1935 1656 1947 .
1692 1934 1703 1946 .

295 2000 596 2073 νάρκισσόν
626 2023 683 2054 τε
711 2003 881 2070 τορῶν
910 1998 1347 2053 Μελανιππίδου
1373 1997 1569 2066 ἔγκυον
1601 1997 1795 2065 ὕμνων.

304 2665 394 2710 232
