1900 3072
822 267 1007 314 LYRA
1058 267 1338 314 GRAECA

332 397 375 449 δ’
427 399 620 466 ἐφεξῆς
672 396 892 468 ἑκάστῳ
943 395 1209 467 μυρσίνης
1260 396 1712 468 παραδιδομένης,
1763 400 1830 467 ἣν

331 471 564 523 αἴσακον
592 469 743 538 οἶμαι
765 452 873 523 διὰ
879 469 940 522 τὸ
968 470 1113 523 ἅδειν
1142 470 1234 524 τὸν
1262 470 1548 539 δεξάμενον
1576 472 1828 525 ἐκάλουν·

330 543 421 596 ἐπὶ
449 543 504 596 δὲ
525 544 700 613 τούτῳ
721 542 896 610 λύρας
920 526 1391 614 περιφερομένης
1368 567 1393 597 ο
1414 543 1511 611 μὲν
1535 544 1829 597 πεπαιδευ-

329 615 485 684 μένος
536 616 821 681 ἐλάμβανε
873 616 962 669 καὶ
1014 616 1140 685 ᾖδεν
1195 615 1574 687 ἁρμοζόμενος,
1626 619 1733 670 τῶν
1783 615 1826 669 δ’

330 688 589 753 ἀμούσων
635 690 696 741 οὐ
743 688 1130 758 προσιεμένων,
1167 689 1397 742 σκολιὸν
1439 689 1734 758 ὠνομάσθη
1767 689 1829 743 τὸ

330 785 403 830 μη
431 760 609 815 κοινὸν
638 762 808 815 αὐτοῦ
838 761 972 827 μηδὲ
1000 761 1204 834 ῥοίδιον.
1259 762 1425 815 ἄλλοι
1463 761 1518 815 δέ
1553 767 1696 855 ξρασι
1731 761 1830 830 τὴν

328 833 597 904 μυρσίνην
623 836 686 888 οὐ
713 835 945 903 καθεξῆς
971 818 1236 900 βάδίζειν,
1266 834 1418 887 ἀλλὰ
1444 834 1567 888 καθ’
1596 837 1831 889 ἕκαστον

330 906 441 960 ἀπὸ
501 906 690 973 κλίνης
742 908 833 961 ἐπὶ
885 907 1078 973 κλινην
1131 906 1511 999 διαφέρεσθαι·
1577 907 1671 962 τὸν
1721 907 1829 979 *γὰρ

333 983 549 1051 πρῶτον
592 980 811 1033 ἄσαντα
855 984 929 1050 τῷ
974 1004 1173 1051 πρωτῳ
1213 985 1307 1048 τῆς
1347 979 1600 1050 δευτέρας
1642 980 1832 1046 κλίνης

331 1036 723 1114 ἀποστέλλειν,
774 1055 975 1106 εκεῖνον
1021 1053 1077 1106 δὲ
1124 1056 1198 1123 τῷ
1245 1053 1444 1124 πρώτῳ
1491 1059 1585 1121 τῆς
1631 1052 1831 1124 τρίτης,

329 1126 450 1179 εἶτα
491 1125 584 1179 τὸν
624 1124 933 1196 δεύτερον
908 1125 1102 1194 ομοίως
1139 1130 1212 1196 τῷ
1249 1125 1491 1197 δευτέρῳ,
1519 1128 1612 1181 καὶ
1641 1125 1828 1180 <διὰ>

330 1197 391 1251 τὸ
419 1197 675 1252 ποικίλον
703 1199 800 1251 καὶ
820 1198 1184 1267 πολυκαμπὲς
1207 1201 1276 1256 ὡς
1297 1199 1438 1253 ἔοικε
1461 1204 1555 1267 τῆς
1576 1198 1833 1271 περιόδου

333 1271 561 1325 σκολιὸν
590 1271 903 1340 ὠνομάσθη.

399 1366 517 1416 Sch
577 1367 661 1412 Ar
732 1366 865 1430 Vesp.
928 1367 986 1412 12
995 1368 1054 1412 22
1109 1365 1201 1433 [τὰ
1259 1364 1440 1419 σκόλι’
1499 1366 1650 1423 ὅπως
1706 1365 1830 1436 δέξῃ

331 1443 554 1508 καλῶς]·
632 1441 896 1528 ἀρχαῖον
894 1438 1063 1496 ἔθος“
1042 1438 1442 1512 εστιωμένους
1425 1436 1571 1492 ἀδειν
1599 1439 1831 1492 ἀκολού-

331 1514 437 1571 θως
479 1538 551 1606 τῳ
589 1536 809 1584 πρωτῳ,
852 1511 896 1566 εἰ
938 1511 1238 1572 παύσαιτο,
1277 1516 1371 1578 τῆς
1408 1495 1544 1602 ᾠδῆς
1581 1511 1649 1564 τὰ
1691 1512 1829 1579 ἑξῆς.

333 1588 426 1639 καὶ
458 1585 566 1656 Γγὰρ
608 1585 633 1639 ὁ
675 1586 736 1655 ἐξ
773 1586 948 1655 ἀρχῆς
985 1583 1253 1674 δάφνην
1224 1608 1257 1651 η
1284 1583 1544 1654 μυρρίνην
1579 1584 1831 1676 κατέχων

331 1659 425 1729 ᾖδε
452 1658 811 1727 Σιμωνίδου
783 1681 815 1724 η
838 1656 1190 1752 Στησιχόρου
1218 1657 1358 1726 μέλη
1382 1656 1542 1728 ἄχρις
1569 1680 1632 1711 ου
1607 1656 1831 1724 ’ἤθελε,

334 1733 425 1785 καὶ
475 1731 615 1798 μετὰ
668 1754 843 1784 ταυτα
887 1754 926 1801 ῳ
981 1730 1247 1794 ἐβούλετο
1294 1728 1487 1790 ἐδίδου,
1527 1731 1637 1802 οὐχ
1689 1731 1757 1788 ὡς
1801 1731 1831 1796 ἡ

336 1805 489 1870 τάξις
518 1803 732 1875 ἀπῄτει.
811 1804 906 1856 καὶ
943 1803 1132 1870 ἕλε’γεν
1169 1801 1194 1855 ὁ
1231 1802 1515 1870 δεξάμενος
1551 1801 1704 1873 παρὰ
1736 1806 1833 1856 τοῦ

335 1878 557 1948 πρώτου
617 1876 685 1929 τὰ
751 1878 888 1945 ἑξῆς,
943 1877 1192 1931 κάκεῖνος
1245 1874 1497 1928 ἐπεδίδου
1560 1875 1734 1929 πάλιν
1791 1874 1833 1946 ᾧ

333 1950 615 2015 ἐβούλετο.
695 1948 784 2002 διὰ
847 1948 907 2001 τὸ
968 1950 1180 2005 πάντας
1244 1949 1337 2002 οὖν
1401 1947 1833 2039 ἀπροσδοκήτως

333 2023 481 2076 (ἴδειν
510 2023 604 2076 καὶ
628 2022 812 2090 λέγειν
848 2021 917 2075 τὰ
952 2021 1111 2088 μέλη,
1142 2020 1347 2074 σκολιὰ
1383 2023 1594 2091 εἴρηται
1621 2020 1709 2074 διὰ
1735 2019 1834 2088 τὴν

335 2080 656 2150 δυσκολίαν.

404 2191 528 2237 Ibid.
562 2191 688 2236 1239
737 2186 869 2240 οἶδέ
895 2193 1066 2258 φασιν
1095 2188 1163 2244 ὡς
1192 2187 1310 2244 ἔθος
1346 2189 1410 2255 ἣν
1445 2186 1538 2240 τὸν
1576 2186 1650 2255 μὴ
1679 2187 1835 2241 δυνά-

335 2283 495 2328 μενον
541 2263 596 2315 ἐν
641 2265 753 2319 τοῖς
796 2259 1130 2328 συμποσίοις
1174 2259 1360 2329 <πρὸς
1402 2258 1653 2328 λύραν>1
1694 2258 1834 2332 ᾆσαι

336 2334 543 2404 δάφνης
585 2337 772 2387 κλῶνα
800 2333 833 2401 ἢ
873 2332 1133 2404 μυρρίνης
1174 2332 1430 2398 λαβόντα
1464 2332 1600 2404 πρὸς
1642 2336 1834 2386 τοῦτον

923 2446 936 2471 ¹
966 2447 1269 2486 Reitzenstein

394 2559 410 2583 1
441 2558 495 2598 cf.
541 2558 627 2599 Cic.
677 2560 794 2598 Tuse.
842 2561 876 2599 1.
920 2560 944 2597 4
984 2557 1302 2597 Themistocles
1335 2588 1346 2599 .
1382 2589 1391 2599 .
1428 2588 1438 2599 .
1476 2571 1574 2598 cum
1612 2558 1659 2597 in
1697 2557 1838 2610 epulis

335 2618 557 2653 recusaret
595 2613 750 2665 lyram,
782 2612 961 2652 habitus
992 2616 1059 2652 est,
1098 2611 1318 2651 indoctior
1443 2612 1460 2637 ²
1490 2611 1543 2653 cf.
1583 2611 1718 2652 Clem.
1762 2611 1833 2651 Al.

336 2669 458 2707 Paed.
486 2669 523 2708 2.
549 2669 614 2708 44.
640 2669 680 2718 3,
706 2667 848 2707 Tzetz.
876 2670 988 2715 ἵαμβ.
1016 2682 1131 2718 τεχν.
1166 2683 1262 2716 κωμ.
1298 2667 1351 2707 82

338 2748 430 2796 552
