1900 3072
811 255 997 302 LYRA
1046 256 1323 303 GRAECA

389 385 699 438 κάλλιστον
725 383 822 453 μὲν
850 383 954 453 ἐγὼ
980 384 1157 438 λείπω
1187 386 1326 456 φάος
1353 385 1576 454 ἠελίοιο,
1637 440 1646 448 ,

389 455 686 526 δεύτερον’
664 457 847 526 α’στρα
877 459 1076 528 φαεινὰ
1106 460 1403 551 σεληναίης
1430 482 1488 512 τε
1516 459 1821 529 πρόσωπον

387 529 480 595 ἠδὲ
507 530 599 582 καὶ
629 529 860 600 ὡραίους
891 530 1113 589 σικύους
1139 532 1231 585 καὶ
1257 537 1414 600 μῆλα
1443 532 1535 586 καὶ
1572 533 1794 604 ὄνγχιΜας
1800 535 1821 566 ¹

314 637 456 684 εὐηθης
485 636 564 688 ’γάρ
584 653 645 677 τις
673 640 772 678 ἴσως
802 640 822 677 ὃ
852 643 909 688 τῷ
940 638 1041 688 ἡλίῳ
1076 639 1139 678 καὶ
1171 642 1220 692 τῇ
1251 638 1409 692 σελήνῃ
1441 640 1537 680 τοὺς
1564 639 1727 680 σικύους
1754 640 1821 680 καὶ

313 693 366 731 τὰ
386 692 511 732 λοιπὰ
532 696 791 744 συναριθμῶν.

1034 924 1086 972 B'

810 1035 1324 1087 ΔΙΘΤΡΑΜΒΩΝ

910 1149 938 1195 2
1011 1148 1225 1212 Ἀχιλεύς

368 1245 513 1298 Heph.
558 1248 602 1285 11
646 1247 703 1296 [π.
745 1246 1122 1297 συνεκφωνὴσεως]·
1182 1246 1272 1287 ἔστι
1309 1244 1486 1297 μέντοι.
1523 1277 1530 1285 .
1567 1277 1575 1286 .
1612 1248 1676 1287 καὶ
1716 1248 1821 1299 παρὰ

313 1301 522 1354 Πραξίλλῃ
555 1303 596 1341 ἐν
627 1300 894 1353 Διθυράμβοις
924 1304 966 1341 ἐν
996 1305 1074 1355 ᾠδῇ
1107 1303 1408 1354 ἐπιγραφομένῃ
1438 1301 1647 1352 Ἀχιλεύς·

387 1386 538 1440 ἀλλὰ
566 1387 688 1455 τςρν
715 1389 918 1442 οὔποτε
945 1387 1115 1452 θυμὸν
1143 1388 1218 1442 ἐνὶ
1247 1388 1554 1456 στήθεσσιν
1581 1387 1800 1441 ἔπειθον

313 1491 412 1532 Soh.
450 1493 508 1531 ad
545 1493 617 1531 Zoc-
677 1493 848 1532 ἐνταῦθα
893 1493 972 1544 γὰρ
1019 1493 1044 1541 ἦ
1094 1509 1140 1532 τε
1189 1494 1253 1533 καὶ
1303 1509 1348 1533 ον
1392 1493 1587 1540 συλλαβὴ
1633 1493 1690 1532 εἷς
1727 1491 1821 1542 μίαν

313 1550 513 1597 βραχεῖαν
543 1546 832 1596 συνιζάνονται.

1036 1749 1087 1797 Γ,

846 1860 1288 1911 ΠΑΡΟΙΝΙΩΝ

1051 1979 1082 2025 3

368 2076 444 2115 Ar.
476 2076 716 2126 Vesp.1239
773 2075 815 2114 τί
842 2079 874 2114 δ’
905 2076 1003 2115 ὅταν
1032 2074 1186 2127 Θέωρος
1213 2077 1311 2127 πρὸς
1338 2078 1469 2115 ποδῶν
1499 2076 1783 2124 κατακείμενος
1808 2072 1815 2128 Ι

315 2131 387 2183 ᾄδῃ
425 2129 609 2171 Κλέωνος
644 2129 871 2180 λαβόμενος
900 2133 974 2177 τῆς
1006 2133 1109 2180 δεξι
1100 2147 1148 2180 ις
1176 2128 1183 2184 Ι
1208 2129 1409 2180 Ἀδμήτου
1442 2129 1584 2181 λόγον,
1618 2129 1647 2168 Z
1674 2130 1814 2182 ’ταΐρε,

313 2188 446 2235 μαθὼν
474 2187 567 2226 τοὺς
599 2187 772 2236 ἀγαθοὺς
803 2186 928 2238 φίλει,
958 2184 965 2241 Ι
991 2186 1122 2236 τούτῳ
1152 2186 1192 2225 τί
1223 2186 1354 2235 λέξεις
1384 2184 1581 2234 σκόλιον,-

829 2323 845 2348 ²
874 2322 1015 2363 Schn:
1049 2337 1136 2363 mss
1159 2324 1307 2374 ὄχνους

370 2516 386 2540 ¹
417 2516 469 2556 cf.
493 2516 600 2556 Ath.
630 2518 691 2556 15.
715 2517 795 2556 395
810 2530 847 2565 c,
873 2516 1053 2569 Diogen.
1080 2518 1118 2556 5.
1148 2516 1208 2564 12,
1232 2516 1352 2558 Suid.
1379 2513 1586 2564 ἠλιθιάζω,
1610 2514 1814 2567 Apostol.

316 2572 352 2610 8.
380 2572 444 2619 53,
472 2570 622 2609 Liban.
651 2572 727 2621 Ep.
755 2572 832 2613 707
989 2571 1004 2595 ²
1035 2570 1087 2610 cf.
1115 2570 1255 2611 Cram.
1283 2572 1389 2612 A.O.
1412 2573 1448 2611 4.
1476 2571 1567 2610 326.
1592 2570 1660 2618 20,
1682 2568 1812 2609 Drao.

314 2624 509 2665 Straton.
547 2626 638 2674 146,
669 2625 848 2665 Bachm.
880 2626 966 2665 An.
991 2626 1028 2666 2.
1059 2626 1147 2666 180.
1179 2626 1228 2668 17
1259 2625 1464 2676 (ἔπειθεν),
1490 2624 1617 2666 Eust.
1651 2624 1713 2664 12.
1747 2624 1812 2672 25,

319 2716 378 2761 74
