1900 3072
784 236 969 283 LYRA
1018 235 1298 283 GRAECA

361 371 433 416 Et.
462 370 598 433 M'ag.
663 363 959 422 λ’Ῑειδύλος·
1027 366 1197 421 οὕτως
1249 363 1471 432 ἐλέὙετο
1525 363 1551 417 ὁ
1605 363 1789 434 πατὴρ

293 437 648 509 Βακχυλίδου
678 438 772 491 καὶ
791 436 1000 505 «γίνεται
1028 436 1181 506 παρὰ
1211 435 1272 490 τὸ
1299 438 1505 505 μειδιῶ,
1535 438 1604 495 ὡς
1639 436 1792 507 παρὰ

291 510 351 563 τὸ
380 511 546 580 φειδώ
573 510 858 568 Φειδύλος.

361 638 471 685 Sch.
519 638 658 684 Pind.
705 636 777 682 Ol.
813 637 855 683 2.
892 637 1040 684 1541>
1094 629 1293 699 [σοφὸς
1340 629 1366 684 ὁ
1406 628 1599 684 πολλὰ
1641 628 1792 686 εἰδὼς

291 709 432 797 φυᾷ
458 705 463 776 Ι
500 705 764 773 μαθόντες
792 702 848 755 δὲ
873 704 1080 770 λάβροι
1106 701 1121 791 Ι
1157 705 1542 776 παγγλωσσιά
1567 702 1794 772 κόρακες

294 779 361 836 ὣς
398 778 647 848 ἄκραντα
682 774 949 845 «γαρύετον
983 776 988 845 Ι
1026 776 1152 833 Διὸς
1194 776 1329 845 πρὸς
1371 777 1562 845 ὄρνιθα
1606 775 1791 844 θεῖον]·

404 895 414 904 .
457 849 806 904 ἀποτείνεται
835 846 938 901 δὲ
918 848 1053 917 πρὸς
1077 848 1170 902 τὸν
1196 848 1575 941 Βακχυλίδην·
1609 847 1797 915 «γέγονε

292 924 398 992 νγὰρ
439 925 588 993 αὐτῷ
628 921 1045 989 ἀνταγωνιστὴς
1072 921 1276 991 τρόπον
1318 920 1440 974 τινὰ
1481 922 1574 973 καὶ
1613 920 1687 977 εἰς
1726 919 1795 973 τὰ

293 997 435 1050 αὐτὰ
485 997 738 1061 καθηκεν.
786 999 912 1063 (b).
1020 1036 1030 1046 .
1078 993 1376 1048 αἰνίττεται
1435 991 1794 1083 Βακχυλίδην

293 1069 385 1122 καὶ
427 1066 746 1136 Σιμωνίδην,
789 1067 982 1123 ἑαυτὸν
1018 1065 1197 1134 λέγων
1238 1066 1415 1127 ἀετόν,
1463 1064 1701 1136 κόρακας
1742 1065 1795 1118 δὲ

293 1142 417 1199 τοὺς
446 1142 814 1213 ἀντιτέχνους.

360 1268 433 1316 Id.
465 1267 598 1315 [Nem
630 1269 801 1316 3143
842 1262 989 1333 [ἔστι
1033 1260 1077 1312 δ’
1127 1260 1305 1318 αἰετὸς
1351 1260 1488 1317 ὠκὺς
1528 1262 1586 1314 ἐν
1625 1282 1795 1313 ποτα-

292 1339 418 1396 νοῖς,
454 1338 458 1405 Ι
498 1336 551 1392 ὃς
602 1335 808 1398 ἔλαβεν
859 1334 1013 1404 αἶψα
1068 1331 1270 1399 τηλόθε
1320 1329 1793 1427 μεταμαιόμενοςΙ

295 1408 555 1479 δαφοινὸν
619 1407 794 1478 ἄνγραν
859 1406 1043 1461 ποσίν·
1095 1404 1401 1477 ΙκραὙέται
1466 1405 1522 1459 δὲ
1586 1406 1797 1460 κολοιοὶ

294 1480 527 1535 ταπεινὰ
572 1480 866 1548 νέμονται]·
911 1479 960 1532 οἱ
1007 1479 1061 1532 δὲ
1108 1478 1422 1569 ἀντίτεχνοί
1467 1501 1589 1547 μου,
1631 1477 1794 1549 φησί,

294 1558 532 1611 κολοιοῖς
560 1552 791 1614 ἐοίκασι,
820 1552 1219 1621 κραυγάζοντες
1250 1552 1413 1619 Ιιιόνον
1442 1551 1537 1604 καὶ
1564 1550 1796 1604 ταπεινὰ

296 1626 591 1694 νεμόμενοι,
639 1627 700 1680 οὐ
748 1626 1006 1679 δύνανται
1057 1625 1111 1677 δὲ
1154 1624 1466 1714 διαίρεσθαι
1513 1623 1586 1681 εἰς
1630 1624 1794 1694 ὕψος.

296 1699 443 1790 δοκεῖ
470 1698 524 1752 δὲ
565 1703 742 1752 ταῦτα
783 1698 974 1752 τείνειν
1017 1696 1088 1754 εἷς
1132 1695 1510 1768 Βακχυλιδην.
1587 1697 1653 1764 ην
1689 1695 1797 1766 «γὰρ

294 1773 480 1830 αὐτοῖς
533 1773 625 1825 καὶ
678 1770 988 1842 ὑφόρασις1
1043 1769 1177 1837 πρὸς
1235 1770 1539 1835 ἀλλήλους.
1618 1791 1794 1838 παρα-

291 1847 502 1909 βάλλει
523 1845 618 1898 δὲ
597 1844 789 1898 εαυτὸν
809 1844 907 1912 μὲν
928 1844 1088 1913 ἀετῷ,
1107 1847 1308 1912 κολοιῷ
1328 1841 1384 1895 δὲ
1411 1840 1792 1913 Βακχυλίδην.

363 1971 437 2019 Id.
474 1969 610 2034 Pyth.
644 1972 686 2018 2,
717 1971 776 2018 97
835 1964 950 2032 [ἐμὲ
998 1964 1054 2018 δὲ
1104 1963 1283 2054 χρεὼν
1316 1963 1322 2034 Ι
1359 1963 1578 2033 φεύνγειν
1629 1963 1796 2022 δάκος

292 2037 477 2091 ἀδινὸν
515 2040 938 2107 κακαγοριᾶν]·.
972 2081 982 2090 .
1017 2080 1027 2091 .
1059 2059 1358 2090 αινιττεται
1387 2035 1443 2089 δὲ
1471 2036 1544 2094 εἰς
1573 2038 1792 2109 Βακχυ-

291 2110 468 2176 λίδην·
512 2110 593 2163 ἀεὶ
620 2109 729 2179 «γὰρ
756 2110 921 2164 αυτὸν
951 2115 1024 2180 τῷ
1046 2108 1250 2181 Ἱερωνι
1277 2108 1540 2179 διέσυρεν.

363 2235 490 2282 Ibid.
521 2237 613 2285 131
656 2229 850 2297 [καλός
877 2252 960 2283 τοι
990 2229 1168 2283 πίθων
1207 2229 1361 2297 παρὰ
1399 2229 1596 2282 παισὶν
1635 2227 1790 2300 αἴει,Ι

295 2301 509 2360 καλός.2
585 2301 611 2355 ὁ
641 2304 696 2356 δὲ
733 2301 1130 2370 (Ραδάμανθυς,
1160 2304 1327 2370 κτλ.]·
1372 2344 1381 2354 .
1427 2345 1436 2355 .
1482 2345 1492 2356 .
1535 2305 1712 2356 ταῦτα
1740 2302 1796 2356 δὲ

294 2375 423 2428 ἔνιοι
463 2374 652 2428 τείνειν
693 2375 859 2428 αὐτὸν
897 2375 969 2433 εἰς
1010 2374 1387 2445 Βακχυλίδην·
1434 2374 1795 2444 εὐδοκιμῆσαι

293 2446 401 2517 «γὰρ
428 2448 596 2501 αὐτὸν
621 2447 772 2517 παρὰ
794 2447 995 2518 Ἱέρωνι
1036 2490 1047 2501 .
1091 2489 1102 2501 .
1141 2488 1154 2501 .
1196 2447 1425 2500 δύναται
1452 2446 1508 2500 δὲ
1533 2447 1625 2500 καὶ
1653 2448 1794 2500 οὕτω

295 2521 557 2574 νοεῖσθαι·
601 2519 627 2574 ὁ
666 2519 1022 2591 Βακχυλίδης
1069 2518 1220 2589 παρὰ
1269 2519 1433 2573 παισὶ
1471 2519 1622 2572 δοκεῖ
1656 2519 1794 2573 εἶναι

296 2591 484 2663 σοφός,
515 2592 666 2663 παρὰ
695 2594 920 2651 τελείοις
947 2591 1003 2646 δὲ
1028 2591 1227 2646 οὐκέτι.

296 2691 356 2735 82
