1900 3072
800 231 987 279 LYRA
1038 231 1318 278 GRAECA

378 364 461 409 Ar.
491 362 610 409 Rau.
644 364 739 412 153
768 362 852 430 [π.
873 363 980 414 τῶν
1006 360 1200 428 κάτω]·

871 441 986 492 ΗΡ.
1028 438 1146 492 εἶτα
1173 436 1458 508 βόρβορον
1489 437 1667 491 πολὺν

526 510 617 563 καὶ
646 515 798 582 σκῶρ
827 511 1034 565 ἀείνων·
1073 514 1129 565 ἐν
1156 511 1211 564 δὲ
1245 511 1419 580 τούτῳ
1447 510 1724 578 κειμένους

410 595 487 633 155
527 584 576 635 εί
607 615 629 636 a
601 607 708 638 ν-ου
738 585 887 654 ξένον
918 607 999 642 τις
1025 583 1254 651 ἠδίκησε
1280 583 1511 637 πώποτε

526 656 557 721 ι’]
588 657 764 711 παῖδα
792 659 965 722 βινῶν
994 657 1286 727 τάρνγύριον
1314 656 1571 728 ὑφείλετο

527 730 771 799 ημητὲρ’
799 729 1039 797 ἠλόησεν
1067 730 1100 797 ὴ
1129 728 1340 799 πατρὸς
1362 730 1570 820 ,νγνάθον

524 803 853 873 ἐπάταξεν
823 811 856 871 ὴ
887 802 1130 873 ’πίορκον
1159 803 1318 871 ὅρκον
1348 804 1561 870 ὤμοσεν

525 874 604 942 ἢ
586 875 884 946 Μορσίμου
914 898 994 933 τις
1021 876 1183 945 ῥῆσιν
1210 876 1579 945 ἐξεγράψατο.

386 949 479 999 ΔΙ.
523 947 584 1014 νὴ
614 949 738 1007 τοὺς
765 947 968 1006 θεοὺς’
945 953 1111 1018 εχρῆν
1138 971 1201 1015 ’γε
1228 949 1363 1016 πρὸς
1391 947 1636 1001 τούτοισι
1663 948 1747 1002 κεί

404 1032 480 1071 161
524 1019 621 1087 τὴν
647 1023 926 1093 πυρρίχην
954 1044 1033 1079 τις
1060 1021 1227 1089 ἔμαθε
1256 1020 1354 1087 τὴν
1382 1020 1665 1087 Κινησίου.

374 1116 487 1162 Seh.
517 1118 578 1163 ad
604 1118 687 1165 loc.
717 1119 854 1181 (161)
918 1113 1186 1179 Κινησίας
1227 1113 1712 1182 διθυραμβοποιός·
1754 1115 1809 1172 ὃς

303 1183 532 1249 ἐποίησε
550 1185 865 1256 πυρρίχην.
937 1186 1001 1240 ,ὁ
1023 1186 1336 1252 Κινησίας’
1311 1187 1810 1282 επιοανγματεύσατο

304 1255 449 1309 κατὰ
497 1261 602 1311 τῶν
649 1263 920 1326 κωμικῶν,
961 1261 1029 1317 ὡς
1071 1259 1174 1313 εἶεν
1213 1259 1572 1331 ἀχορηνγητοι.
1648 1261 1713 1327 ἣν
1753 1261 1808 1314 δὲ

303 1329 397 1382 καὶ
425 1329 486 1383 τὸ
517 1334 679 1399 σῶμα
709 1330 934 1403 ὀκνηρὸς
961 1333 1053 1386 καὶ
1083 1333 1595 1390 κατεσκελετευκώς
1640 1376 1650 1387 .
1697 1376 1709 1388 .
1755 1377 1766 1388 .

370 1417 452 1464 Ar.
482 1417 603 1466 Ran.
636 1419 790 1467 1435:

384 1493 478 1544 ΔΙ.
524 1492 652 1544 ἀλλ’
680 1493 761 1546 ἔτι
787 1492 918 1561 μίαν
943 1493 1161 1562 νγνώμην
1191 1494 1441 1564 ἑκάτερος
1469 1495 1699 1548 εἴπατον

521 1566 769 1635 περὶ-τῆς
797 1566 1011 1623 πόλεως
1038 1567 1202 1631 ἥντιν’
1231 1568 1421 1637 ἔχετον
1450 1566 1744 1635 σωτηρίαν.

292 1680 295 1681 ⁷
366 1639 477 1691 ET.
520 1638 624 1730 ἐνγὼ
651 1638 749 1707 μὲν
776 1638 897 1692 οἶδα
925 1639 1016 1692 καὶ
1044 1638 1188 1692 θελω
1219 1641 1456 1709 φράζειν.
1535 1642 1629 1692 ΔΙ.
1657 1640 1804 1709 λε’νγε.

364 1712 477 1762 ΕΤ.
520 1733 563 1763 ει
595 1734 674 1768 τις
703 1711 992 1783 πτερώσας
1022 1711 1358 1781 Κλεόκριτον
1388 1711 1629 1786 Κινησία

374 1795 482 1835 1439
521 1783 701 1853 ἀέριον
729 1783 897 1877 ἆραι1
923 1785 1200 1852 πελαγίαν
1231 1784 1366 1853 ὑπὲρ
1393 1769 1679 1845 πλάκα,-

383 1859 477 1909 ΔΙ.
517 1856 736 1924 νγελοιον
763 1881 827 1910 αν
855 1858 1123 1927 φαίνοιτο·
1167 1861 1290 1910 νοῦν
1319 1857 1363 1909 δ’
1392 1858 1507 1927 ἔχει
1534 1856 1696 1911 τίνα·
1675 1901 1690 1922 ,

361 1931 472 1981 ET.
515 1929 561 1981 εἰ
589 1934 939 2001 ναυμαχοῖεν,
970 1929 1090 2001 κᾷτ’
1121 1930 1339 2001 ἔχοντες
1368 1929 1552 1997 ὀξίδας

519 2001 753 2071 ῥαίνοιεν
781 2005 832 2060 ἐς
863 2001 931 2055 τὰ
958 2002 1222 2073 βλέφαρα
1251 2006 1357 2056 τῶν
1385 2001 1658 2056 ἐναντίων.

368 2091 488 2141 Sch.
516 2092 577 2138 ad
610 2092 692 2139 loc,
727 2092 900 2156 (1438)
958 2087 984 2142 ὁ
1023 2087 1295 2155 Κινησίας
1329 2088 1534 2147 λεπτὸς
1573 2090 1654 2157 ἣν,
1686 2088 1712 2143 ὁ
1749 2089 1806 2143 δὲ

303 2158 639 2229 Κλεόκριτος
664 2158 963 2230 μοχθηρός.
1040 2162 1213 2251 φησὶν
1249 2162 1341 2215 οὖν
1373 2162 1458 2215 ὅτι
1496 2162 1546 2215 εἴ
1575 2185 1656 2220 τις
1683 2162 1803 2216 ἀντὶ

303 2235 518 2301 πτερῶν
585 2232 904 2303 Κλεοκρίτῳ
964 2233 1236 2300 Κινησίαν
1299 2235 1600 2305 περιβάλοι
1660 2234 1805 2288 ὥστε

300 2305 568 2374 φέρεσθαι
596 2304 943 2373 μεταρσίους,
967 2308 1324 2375 συμβήσεται
1352 2307 1547 2364 αὐτοὺς
1575 2306 1804 2361 ὀλέσθαι

300 2377 709 2447 αὐροφορήτους
735 2377 1061 2469 νγενομένους.
1068 2381 1212 2437 -ὡς
1238 2378 1442 2437 λεπτὸς
1479 2379 1764 2451 σφόδρα
1732 2403 1804 2433 ων

300 2448 643 2518 κωμῳδεῖται
672 2450 764 2503 καὶ
791 2452 859 2507 ὡς
889 2451 1037 2519 ξένος
1064 2452 1156 2505 καὶ
1187 2453 1256 2510 ὡς
1291 2451 1480 2521 κόλαξ.
1559 2452 1804 2519 ἐμνήσθη

300 2521 356 2574 δὲ
372 2523 465 2575 καὶ
487 2526 583 2575 τοῦ
604 2521 1027 2593 Κλεοκρίτου2’
998 2548 1066 2583 ως
1085 2523 1282 2578 τούτου
1304 2525 1396 2579 καὶ
1418 2528 1514 2579 τοῦ
1533 2523 1803 2591 Κινησίου

298 2593 765 2664 ὁμοφρονούντων.

342 2687 354 2709 ¹
381 2686 552 2728 Tucker
571 2704 578 2728 :
605 2701 692 2729 mss
713 2691 862 2742 αἴροιεν
881 2689 996 2742 αὖραι
1109 2689 1125 2714 ²
1148 2703 1236 2730 mss
1258 2694 1488 2743 transpose
1509 2689 1585 2730 the
1605 2703 1755 2730 names

299 2745 394 2805 256
