1900 3072
399 669 454 708 20

297 950 413 1002 ἀντ.
437 947 487 1002 α’

402 1035 455 1073 25

400 1399 453 1439 30

403 1764 426 1804 0³

433 1764 455 1803 υι

402 2129 457 2168 40

401 2492 456 2530 45

319 2627 405 2677 ἐπ.
436 2627 485 2676 α’

247 2715 338 2745 100

431 1790 438 1795 -
496 1751 780 1804 πλαθεῖσα

736 237 922 283 LYRA
971 237 1252 284 GRAECA

496 366 734 435 ἔκγονον·
777 365 885 419 ἴδεν
912 365 968 418 δὲ
997 365 1229 432 Θησεύς,

494 439 668 506 μέλαν
697 437 739 491 δ’
769 439 859 492 ὑπ’
888 438 1102 509 ὀφρύων

496 511 765 565 δίνασεν
747 513 907 580 όμμα,
939 510 1169 582 καρδίαν
1197 510 1256 564 τέ
1283 511 1333 564 οἱ

497 585 760 656 σχέτλιον
787 584 988 652 ἄμυξεν
1017 584 1187 652 ἄλγος

494 657 630 726 εἶρέν
658 680 732 710 τε·
773 656 919 714 (Διὸς
949 657 1029 710 υἶὲ
1057 658 1348 728 φερτάτου,

493 731 649 784 ὅσιον
675 729 855 784 οὐκέτι
883 735 1008 783 τεᾶν

493 803 601 856 ἔσω
629 806 898 876 κυβερνᾶς
927 806 1135 873 φρενῶν

477 876 680 967 θυμόν·
727 878 856 948 ἴσχε
882 880 1238 948 μεγαλοῦχον
1265 876 1403 946 ἣρως
1431 875 1583 942 βίαν.

564 949 649 1002 ὅτι
676 949 772 1016 μὲν
802 951 858 1002 ἐκ
890 949 1022 1002 θεῶν
1049 952 1213 1019 μοῖρα
1240 948 1564 1017 παγκρατὴς

495 1021 610 1090 άμμ
615 1045 631 1075 ι
659 1022 953 1076 κατένευσε
981 1022 1074 1074 καὶ
1101 1020 1271 1079 Δίκας
1298 1021 1451 1092 ῥέπει
1479 1023 1571 1076 τά·

493 1103 713 1155 λαντον,
745 1093 1108 1164 πεπρωμέναν

497 1167 664 1221 αἶσαν
691 1168 1045 1235 ἐκπλήσομεν
1075 1166 1207 1220 ὅταν

494 1241 648 1308 ἔλθῃ·
690 1240 761 1294 σὺ
789 1240 844 1293 δὲ
869 1242 1102 1309 βαρεῖαν
1129 1241 1283 1293 κάτε-

494 1335 563 1384 χε
589 1319 770 1381 μῆτιν.
847 1314 892 1366 εἰ
919 1312 1015 1366 καί
1041 1336 1106 1366 σε
1133 1312 1295 1366 κέδνα

495 1386 645 1440 τέκεν
672 1385 829 1457 λέχει
856 1385 984 1444 Διὸς
1014 1385 1119 1439 ὑπὸ
1148 1385 1425 1457 κρόταφον
1446 1387 1594 1446 Ἴδας

493 1464 719 1527 μιγεῖσα
738 1461 758 1492 1
784 1459 1037 1516 Φοίνικος
1064 1461 1181 1527 ε’ρα-

495 1533 734 1601 τώνυμος
761 1531 897 1601 κόρα
922 1534 1142 1603 βροτῶν

493 1605 778 1676 φέρτατον,
809 1605 958 1658 ἀλλὰ
989 1606 1126 1673 κάμὲ

497 1679 729 1735 Πιτθέος
758 1678 1004 1747 θυγάτηρ
1032 1680 1236 1748 ἀφνεοῦ

799 1752 819 1784 1
845 1750 1049 1818 ποντίῳ
1077 1750 1226 1804 τέκεν

496 1824 794 1878 Ποσειδᾶνι
820 1823 1059 1895 χρυσεόν

494 1897 553 1950 τέ
580 1920 624 1949 οι
657 1896 827 1951 δόσαν
856 1896 1110 1950 ἰόπλοκοι
1138 1919 1232 1949 κα

493 1970 747 2038 λύπτραν
775 1969 933 2038 κόραι
964 1970 1212 2037 Νηρέος.2

495 2045 570 2095 τῶ
599 2066 679 2103 σε,
707 2043 1032 2113 πολέμαρχε
1063 2045 1343 2111 Κνωσίφν,

495 2116 727 2182 κέλομαι
757 2115 1105 2168 πολύστονον

494 2187 678 2254 ἐρύκεν
707 2189 886 2258 ὕβριν·
931 2190 990 2241 οὐ
1016 2186 1122 2257 γὰρ
1151 2188 1215 2240 ἂν
1242 2187 1418 2240 θέλοι-

493 2260 899 2328 μ’άμβρότου3
927 2260 1147 2329 ἐραννὸν
1174 2260 1337 2318 Ἀοῦς

495 2333 625 2386 ἰδεῖν
653 2334 806 2403 φάος,
837 2332 955 2386 ἐπεί
973 2333 993 2365 4
1021 2333 1119 2386 τιν’
1146 2333 1341 2402 ἠϊθεζῳν

496 2406 565 2459 σὺ
594 2406 892 2474 δαμάσειας
919 2406 1101 2459 ἀέκον-

492 2501 580 2531 ‘ra'
623 2480 835 2549 πρόσθε
859 2483 1058 2547 χειρῶν
1084 2477 1218 2541 ,Βίαν

495 2551 749 2619 σείξομεν
792 2551 860 2603 τὰ
890 2551 933 2603 δ’
960 2551 1187 2604 ἐπιόντα
1215 2549 1425 2618 δαίμων
1450 2554 1632 2618 κρινεῖ.

567 2623 682 2677 τόσ’
713 2624 862 2677 εἶπει
891 2623 1222 2696 ἀρέταιχμος
1249 2624 1406 2691 ἣρως·

1639 2547 1691 2582 ’5
