1900 3072
769 198 955 247 LYRA
1005 200 1284 247 GRAECA

972 330 1017 387 2,
1046 331 1075 377 3

323 395 447 437 Stob.
470 398 556 436 ΕΟΖ.
583 397 706 447 Phys.
734 398 797 436 41.
831 396 884 436 50
941 398 1164 448 Πορφυρίου
1195 398 1239 436 ἐκ
1269 400 1350 437 τῶν
1371 397 1465 449 Περὶ
1489 395 1644 448 Στυγός
1675 427 1685 437 .
1718 427 1727 436 .
1759 426 1770 437 .

267 454 440 492 πιθανῶς
462 450 525 490 καὶ
551 454 644 492 τοὺς
677 455 719 491 ἐν
737 453 874 490 ’Ἀιδου
896 450 1176 502 νομιζομένους
1197 454 1401 502 ποταμοὺς
1423 453 1771 503 κατωνομάκασιν·

266 507 491 558 Ἄχέροντα
522 506 596 556 μὲν
633 508 695 546 διὰ
727 508 778 545 τὰ
815 506 900 558 ἄχη
936 509 985 547 ὡς
1019 507 1082 547 καὶ
1124 509 1430 556 Μελανιππίδης
1463 538 1470 547 .
1505 538 1513 546 .
1547 538 1556 547 .
1589 508 1673 548 ἐπεὶ
1705 507 1769 547 καὶ

265 560 477 611 Λικύμνιός
501 572 616 612 φησι·

408 636 626 707 μυρίαις
655 641 864 705 παγαῖς
893 637 1140 708 δακρύων
1167 636 1346 708 ἀχέων
1374 660 1432 691 τε
1456 637 1633 709 βρύει·
1655 637 1676 670 1

266 732 329 771 καὶ
352 732 491 772 πάλιν·

408 806 656 878 Ἀχέρων
684 806 827 877 ἄχεα
855 805 1148 875 πορθμεύει
1174 807 1451 875 βροτοῖσι.

1008 1009 1039 1056 4

316 1085 424 1125 Ath.
450 1087 512 1126 13.
537 1087 655 1126 5640
691 1086 748 1135 [π.
784 1085 960 1137 ἔρωτος]·
1001 1085 1238 1136 Λικύμνιος2
1269 1086 1301 1126 δ’
1336 1088 1355 1125 ὃ
1388 1089 1482 1128 Χῖος
1514 1088 1589 1126 τὸν
1620 1088 1768 1125 ’Ὕπνον

263 1139 398 1189 φήσας
438 1143 530 1193 ἐρᾶν
567 1144 640 1180 τοῦ
688 1142 946 1192 Ἐνδυμίωνος
987 1141 1076 1181 οὐδὲ
1117 1141 1378 1182 καθεύδοντος
1417 1144 1541 1182 αὐτοῦ
1591 1158 1766 1182 κατακα·

263 1194 462 1234 λύπτειν3
497 1197 592 1236 τοὺς
636 1196 882 1247 ὀφθαλμούς,
920 1198 1031 1236 ἀλλὰ
1065 1196 1406 1247 ἀναπεπταμένων
1435 1200 1517 1237 τῶν
1547 1197 1769 1249 βλεφάρων

262 1250 451 1301 κοιμίζειν
468 1252 484 1275 3
504 1253 577 1290 τὸν
600 1252 809 1302 ἐρώμενον,
833 1254 936 1293 ὅπως
959 1255 1018 1291 διὰ
1039 1254 1189 1293 παντὸς
1211 1252 1396 1306 ἀπολαύῃ
1410 1255 1485 1300 τῆς
1506 1255 1579 1292 τοῦ
1601 1255 1763 1304 θεωρεῖν

261 1306 421 1353 ἡδονῆς.
481 1307 598 1356 λέγει
620 1306 652 1344 δ’
677 1309 816 1347 οὕτως·

550 1370 756 1429 ’Ὕπνος
785 1372 841 1425 δὲ
865 1371 1078 1443 χαίρων
1108 1371 1367 1440 ὀμμάτων

552 1445 748 1512 αὐγαῖς
777 1445 1257 1512 ἀναπεπταμένοις

553 1517 745 1576 ὄσσοις
773 1517 1008 1585 ἐκοίμιζε
1036 1521 1246 1586 κοῦρον.

993 1625 1021 1670 5

313 1697 425 1738 Ibid.
465 1700 582 1739 6030
639 1701 876 1750 Λικύμνιος3
909 1700 941 1738 δ’
974 1702 992 1738 ὁ
1034 1704 1128 1740 Χῖος
1171 1701 1213 1739 ἐν
1243 1701 1512 1751 Διθυράμβοις
1544 1699 1764 1752 Ἀργύννου

259 1755 386 1803 φησὶν
407 1755 601 1805 ἐρώμενον
618 1753 827 1805 ’Ὑμέναιον
846 1753 1051 1806 γενέσθαι.

995 1855 1022 1901 6

312 1928 523 1969 Parthen.
565 1931 698 1970 Narr.
745 1932 841 1969 Am.
887 1931 940 1969 22
1010 1929 1105 1981 Περὶ
1155 1933 1337 1971 Νανίδος·
1387 1929 1411 1976 ἡ
1452 1929 1610 1981 ἱστορία
1655 1931 1762 1982 παρὰ

256 1984 456 2035 Λικυμνίῳ
485 1988 541 2034 τῷ
571 1985 653 2036 Χίῳ
681 1991 881 2034 μελοποιῷ
916 1986 979 2024 καὶ
1006 1985 1335 2036 Ἑρμησιάνακτι·
1363 1985 1550 2034 ’Έφασαν
1579 1985 1624 2024 δέ
1652 2002 1759 2027 τινες

259 2040 322 2077 καὶ
365 2040 441 2085 τὴν
481 2041 654 2092 Σαρδίων
695 2039 914 2091 ἀκρόπολιν
955 2042 1029 2079 ὑπὸ
1071 2042 1200 2092 Κύρου
1239 2043 1310 2080 τοῦ
1349 2044 1516 2091 Περσῶν
1553 2039 1759 2084 βασιλέως

257 2091 408 2132 ἁλῶναι
442 2096 668 2146 προδούσης
699 2099 773 2141 τῆς
804 2096 974 2146 Κροίσου
1013 2097 1212 2146 θυγατρὸς
1247 2096 1430 2136 Νανίδος.
1503 2096 1640 2142 ἐπειδὴ
1678 2097 1758 2149 γὰρ

258 2147 485 2200 ἐπολιόρκει
508 2151 671 2199 Σάρδεις
694 2154 821 2202 Κῦρος
851 2151 914 2190 καὶ
947 2151 1062 2191 οὐδὲν
1091 2153 1198 2200 αὐτῷ
1227 2151 1284 2192 εἷς
1313 2151 1469 2190 ἅλωσιν
1495 2153 1571 2196 τῆς
1597 2151 1757 2193 πόλεως

254 2207 510 2254 προῦβαινεν,
549 2208 590 2245 ἐν
621 2212 765 2255 πολλῷ
806 2222 851 2244 τε
885 2204 963 2245 δέει
996 2205 1046 2252 ἧν
1082 2208 1137 2257 μὴ
1176 2206 1383 2257 ἀθροισθὲν
1415 2206 1465 2243 τὸ
1498 2208 1760 2256 συμμαχικὸν

256 2259 380 2305 αὐτῆς
400 2263 456 2309 τῷ
478 2261 633 2312 Κροίσῳ
655 2262 885 2300 διαλύσειεν
903 2263 1009 2310 αὐτῷ
1029 2262 1105 2308 τὴν
1122 2262 1334 2311 στρατιάν,
1348 2261 1447 2300 τότε
1466 2262 1543 2308 τὴν
1562 2261 1759 2313 παρθένον

254 2314 409 2362 ταύτην
439 2314 529 2367 εἶχε
560 2318 687 2367 λόγος
715 2315 803 2366 περὶ
832 2318 1049 2366 προδοσίας
1079 2317 1327 2366 συνθεμένην
1355 2319 1411 2366 τῷ
1443 2315 1570 2368 Κύρῳ,
1593 2317 1628 2355 εἷ
1654 2318 1758 2357 κατὰ

256 2369 398 2418 νόμους
439 2376 604 2420 Περσῶν
645 2374 721 2420 ἔξει
760 2374 933 2420 γυναῖκα
982 2372 1122 2420 αὐτὴν,
1163 2372 1267 2411 κατὰ
1303 2371 1379 2417 τὴν
1426 2370 1550 2421 ἄκραν
1586 2373 1756 2421 μηδενὸς

255 2425 542 2473 φυλάσσοντος
574 2427 621 2466 δι’
657 2427 891 2477 ὀχυρότητα
921 2429 994 2465 τοῦ
1030 2429 1180 2478 χωρίου
1213 2425 1476 2477 εἰσδέχεσθαι
1504 2426 1600 2466 τοὺς
1632 2435 1754 2466 πολε·
1778 2432 1795 2453 ⁰

253 2479 379 2528 μίους,
417 2486 621 2533 συνεργῶν
658 2484 757 2532 αὐτῇ
799 2483 862 2520 καὶ
900 2482 1041 2520 ἄλλων
1075 2486 1195 2520 τινῶν
1226 2481 1468 2532 γενομένων·
1513 2482 1586 2521 τὸν
1615 2481 1755 2530 μέντοι

260 2537 387 2586 Κῦρον
407 2538 461 2585 μὴ
486 2539 710 2586 ἐμπεδῶσαι
732 2538 830 2589 αὐτῇ
852 2537 928 2582 τὴν
951 2535 1189 2588 ὑπόσχεσιν.

309 2630 325 2654 ¹
348 2636 495 2682 παγαῖς
516 2632 639 2672 Grot.
662 2649 669 2673 :
705 2645 790 2671 mss
811 2633 959 2672 πάσαις
1064 2633 1078 2657 ²
1103 2632 1359 2671 Reinesius:
1392 2644 1479 2670 mss
1499 2629 1716 2681 ἇλκύμνιος

307 2686 323 2709 ³
352 2701 438 2726 mss
460 2687 589 2726 indic.

255 2745 349 2804 338
