1900 3072
761 208 946 254 LYRA
997 207 1277 254 GRAECA

346 337 728 407 Κλειταγόρας
755 337 904 410 ᾄδειν
932 337 1064 390 ὅταν
1089 336 1366 405 Ἀδμήτου
1392 335 1558 403 μέλος
1585 335 1749 406 αὐλῇ.

342 455 453 501 Ibid
481 473 490 501 :
567 451 940 525 Κλειταγόρᾳ·
1018 452 1134 519 ἥτις
1207 450 1419 519 ἐγένετο
1496 448 1773 519 ποιήτρια·

275 533 658 604 Κλειταγόρας
684 531 848 600 μέλος
875 530 1105 601 λέγουσι
1135 529 1195 585 τὸ
1225 530 1296 589 εἰς
1326 530 1511 598 αὑτήν,
1537 532 1775 583 Κλειτα-

270 634 459 681 γοραν.

343 738 424 783 Ar.
455 737 619 801 Lysisl.
653 737 777 783 1231

456 830 549 878 νῦν
575 825 671 890 μὲν
699 823 806 894 γὰρ
833 823 966 877 ὅταν
996 822 1241 891 ἔλθωμεν
1268 825 1320 880 ἐς
1346 821 1731 889 Λακεδαίμονα

461 905 736 974 νήφοντες,
762 903 920 960 εὐθὺς
947 902 1234 969 ,Βλέπομεν
1263 902 1346 956 ὅτι
1375 903 1699 973 ταράξομεν·

459 982 591 1037 ὥσθ’
621 984 705 1037 ὅτι
733 983 831 1052 μὲν
859 982 925 1036 ἄν
951 985 1192 1051 λέγωσιν
1219 983 1316 1036 οὐκ
1344 982 1623 1050 ἀκούομεν,

459 1065 493 1118 ἃ
522 1063 564 1117 δ’
594 1066 656 1118 οὐ
681 1065 926 1133 λέγουσι,
956 1062 1113 1117 ταῦθ’
1145 1062 1596 1132 ὑπονενοήκαμεν,

318 1157 423 1197 1235
464 1144 813 1213 ἀγγέλλομεν
843 1143 884 1196 δ’
913 1144 977 1196 οὐ
1005 1142 1179 1197 ταύτὰ
1207 1146 1314 1197 τῶν
1340 1144 1523 1197 αὐτῶν
1547 1142 1690 1213 πέρι.

463 1225 575 1278 νυνὶ
607 1223 648 1276 δ’
678 1223 878 1277 ἅπαντ’
905 1223 1151 1293 ἤρεσκεν·
1196 1222 1329 1276 ὥστ’
1355 1222 1398 1276 εἰ
1425 1222 1522 1291 μέν
1547 1221 1610 1291 γέ
1636 1245 1716 1280 τις

459 1305 580 1379 ᾄδοι
607 1308 945 1369 Τελαμῶνος,
978 1303 1361 1376 Κλειταγόρας
1387 1304 1539 1377 ᾄδειν
1565 1303 1702 1364 δέον,

460 1386 803 1456 ἐπῃνέσαμεν
833 1385 897 1438 ἂν
925 1385 1015 1438 καὶ
1046 1384 1635 1455 προσεπιωρκήσαμεν.

361 1512 472 1560 Sch.
503 1512 565 1558 ad
594 1513 673 1563 loc.
754 1513 1096 1579 Τελαμῶνος·
1158 1509 1304 1582 ἀρχή
1356 1532 1498 1567 τινος
1551 1510 1784 1563 σκολιόυ

282 1592 434 1643 ’Παῖ
472 1592 803 1659 Τελαμῶνος
845 1590 1123 1662 αἰχμητά’
1167 1633 1178 1644 .
1222 1632 1232 1643 .
1276 1589 1301 1643 ὁ
1346 1589 1402 1643 δὲ
1435 1593 1556 1647 νοῦς
1597 1589 1681 1642 ὅτι
1716 1588 1786 1642 τὰ

281 1670 501 1724 ἐναντία
529 1670 760 1738 λέγομεν
787 1672 998 1728 ἑαυτοῖς
1026 1671 1117 1724 καὶ
1148 1671 1480 1741 πράττομεν·
1521 1670 1655 1723 ὅταν
1679 1669 1786 1739 γάρ

283 1771 363 1807 τις
390 1750 503 1822 ᾄσῃ
532 1748 644 1802 ἀπὸ
683 1753 790 1803 τῶν
833 1750 1075 1804 σκολίων
1115 1750 1411 1821 Πινδάρου,
1442 1749 1675 1818 λέγομεν
1701 1749 1786 1802 ὅτι

282 1829 364 1882 δεῖ
386 1834 607 1895 μᾶλλον
631 1829 778 1903 ᾄδειν
807 1829 917 1884 ἀπὸ
943 1830 1324 1903 Κλειταγόρας
1353 1836 1446 1899 τῆς
1479 1830 1785 1901 ποιητρίας·

283 1911 313 1974 ἡ
367 1909 474 1980 γὰρ
527 1910 880 1979 Κλειταγόρα
932 1911 1193 1980 ποιήτρια
1245 1912 1310 1978 ἣν
1361 1911 1672 1979 Λακωνική,
1725 1910 1788 1977 ’ἧς

283 1989 554 2058 μέμνηται
582 1990 673 2043 καὶ
703 1992 754 2044 ἐν
785 1993 1057 2044 Δαναΐσιν
1085 1991 1513 2062 Ἀριστοφάνης.

359 2116 495 2163 Suid·
528 2114 770 2169 σκολιόν·
794 2115 1198 2186 (β’)ὑπόμνημα
1217 2116 1464 2188 ἔγραψεν
1480 2115 1790 2186 Τυραννίων

285 2194 411 2264 περὶ
453 2198 549 2248 τοῦ
588 2199 819 2248 σκολιοῦ
859 2195 1059 2266 μέτρου
1101 2195 1126 2248 ὃ
1169 2196 1450 2268 προετάθη
1488 2197 1636 2266 αὐτῷ
1680 2195 1788 2249 ὑπὸ

287 2272 455 2326 Γαίου
486 2273 786 2344 Καίσαρος.

351 2470 366 2495 ¹
391 2473 458 2511 i.e.
485 2474 533 2511 to
554 2472 630 2511 the
651 2473 786 2512 music
807 2472 852 2512 of
872 2473 947 2512 the
969 2472 1115 2523 Cleit„
1142 2473 1194 2514 cf.
1221 2487 1261 2526 p.
1287 2475 1368 2516 575
1389 2487 1428 2513 n.
1455 2474 1481 2512 2
1627 2471 1644 2496 ²
1664 2473 1790 2513 there

289 2526 324 2564 is
345 2539 370 2564 a
390 2525 502 2578 good
533 2526 633 2566 deal
663 2527 707 2566 of
737 2528 965 2567 confusion
996 2528 1099 2568 here
1116 2543 1127 2576 3
1157 2528 1240 2568 but
1269 2528 1346 2568 the
1375 2528 1619 2580 ascription
1638 2528 1683 2568 of
1713 2528 1790 2568 the

289 2580 496 2620 Telamon
517 2584 564 2621 to
585 2581 750 2621 Pindar
770 2583 806 2622 is
828 2589 873 2622 to
893 2581 946 2622 be
967 2582 1142 2623 noticed

293 2659 388 2718 558
