1900 3072
399 586 838 648 ΔΙΟΝΤΣΙΟΤ,
880 589 1282 648 ΛΑΜΠΡΟΤ,
1334 587 1730 639 ΠΡΑΤΙΝΟΤ

1001 710 1123 765 Ιῧίοι

387 817 514 864 Plut.
544 817 669 863 Mus.
698 819 758 866 31
837 819 945 868 τῶν
971 815 1076 883 «γὰρ
1105 814 1248 868 κατὰ
1274 814 1372 882 τὴν
1399 814 1567 868 αὑτοῦ
1593 813 1815 882 ἡλικίαν

312 889 452 957 φησὶ
491 887 726 959 Τελεσίᾳ
759 893 832 958 τῷ
868 888 1104 958 Θηβαίῳ
1135 890 1418 955 συμβῆναι
1448 887 1545 957 νέῳ
1572 887 1671 955 μὲν
1697 889 1812 941 ὄντι

312 966 587 1030 τραφῆναι
639 962 694 1013 ἐν
735 965 799 1029 τῇ
853 960 1136 1031 καλλίστῃ
1188 964 1425 1030 μουσικῇ
1480 960 1572 1014 καὶ
1620 960 1815 1027 μαθεῖν

310 1034 463 1086 ἄλλα
485 1056 542 1086 τε
564 1037 669 1086 τῶν
691 1033 1117 1102 εὐδοκιμούντων
1137 1034 1227 1086 καὶ
1251 1033 1313 1098 δὴ
1333 1034 1428 1086 καὶ
1447 1032 1516 1086 τὰ
1532 1033 1813 1103 Πινδάρου

311 1107 380 1158 τά
416 1129 473 1159 τε
514 1106 807 1159 Διονυσίου
847 1111 943 1160 τοῦ
985 1105 1246 1173 Θηβαίου
1287 1106 1381 1159 καὶ
1428 1104 1497 1159 τὰ
1536 1105 1811 1175 Λάμπρου

310 1179 400 1231 καὶ
424 1178 493 1231 τὰ
516 1179 796 1249 Πρατίνου
824 1179 919 1232 καὶ
940 1182 1046 1232 τῶν
1066 1182 1280 1232 λοιπῶν
1303 1179 1424 1231 ὅσοι
1447 1182 1554 1232 τῶν
1571 1182 1814 1249 λυρικῶν

310 1250 497 1320 ἄνδρες
524 1251 770 1320 ἐγένοντο
799 1253 1027 1319 ποιηταὶ
1056 1252 1378 1322 κρουμάτων
1406 1249 1621 1320 ἀγαθοί.

378 1359 502 1407 Plat.
542 1360 727 1406 Menex.
761 1361 857 1409 236
897 1378 925 1406 a

309 1429 495 1480 MEN.
574 1427 654 1485 τίς
671 1428 811 1493 αὕτη
835 1450 850 1488 ;
892 1428 923 1495 ἢ
945 1427 1111 1495 δῆλον
1133 1428 1216 1481 ὅτι
1243 1425 1575 1479 Ἀσπασίαν
1589 1427 1768 1494 λέγεις
1791 1449 1807 1486 ,·

307 1499 492 1557 -ΣΩ,
568 1500 714 1568 λέγω
743 1501 866 1568 1-γάρ,
896 1501 986 1553 καὶ
1016 1500 1223 1554 Κόννον
1249 1523 1311 1566 ’γε
1339 1499 1430 1553 τὸν
1459 1498 1808 1570 Μητροβίου·

308 1571 457 1625 οὗτοι
477 1573 584 1643 «γάρ
605 1594 697 1640 μοι
720 1572 812 1625 δύο
836 1573 974 1626 εἰσὶν
996 1572 1344 1633 διδάσκαλοι,
1366 1571 1392 1626 ὁ
1411 1572 1509 1641 μὲν
1526 1577 1809 1640 μουσικῆς,

307 1646 338 1711 ἡ
371 1643 426 1698 δὲ
457 1646 763 1715 ῥητορικῆς.
842 1646 982 1699 οὕτω
1015 1646 1111 1715 μὲν
1148 1646 1240 1699 οὖν
1275 1644 1602 1716 τρεφόμενον
1639 1643 1809 1714 ἄνδρα

307 1717 456 1770 οὐδὲν
499 1717 822 1785 θαυμαστὸν
865 1718 1033 1772 δεινὸν
1081 1719 1217 1772 εἶναι
1267 1718 1466 1787 λέγειν·
1523 1717 1677 1770 ἀλλὰ
1717 1716 1809 1769 καὶ

306 1790 460 1846 ὅστις
499 1792 627 1859 ἐμοῦ
666 1792 859 1843 κάκιον
897 1791 1211 1857 ἐπαιδεύθη,
1249 1789 1521 1859 μουσικὴν
1564 1790 1661 1859 μὲν
1701 1788 1808 1842 ὑπὸ

304 1862 580 1930 Λάμπρου
597 1863 924 1925 παιδευθείς,
942 1864 1235 1933 ῥητορικὴν
1253 1863 1351 1916 δὲ
1328 1862 1419 1917 υπ’
1436 1861 1810 1950 Ἀντιφῶντος

306 1940 402 1989 τοῦ
464 1936 845 2027 Ῥαμνουσίου
900 1938 1042 2005 όμως
1106 1938 1210 1990 κᾶν
1260 1936 1415 1994 οὗτος
1468 1935 1578 1992 οἷός
1630 1933 1673 1988 τ’
1726 1935 1807 2000 εἴη

306 2008 629 2074 Ἀθηναίους
656 2032 718 2076 ’γε
745 2010 799 2062 ἐν
827 2008 1192 2075 Ἀθηναίοις’
1167 2012 1403 2062 επαινῶν
1430 2007 1746 2076 εὐδοκιμεῖν.

379 2117 495 2164 Ath.
539 2118 581 2164 2.
624 2119 684 2165 44
711 2118 743 2163 d
821 2115 1125 2186 ὑδροπότης
1162 2117 1205 2169 δ’
1244 2117 1308 2183 ἣν
1342 2116 1434 2169 καὶ
1472 2115 1740 2185 Λάμπρος
1780 2112 1807 2167 ὁ

302 2187 580 2256 μουσικός,
612 2189 737 2257 περὶ
765 2188 827 2241 οὗ
855 2189 1127 2262 Φρύνιχός
1154 2195 1296 2260 φησι
1322 2189 1527 2258 λάρους
1554 2187 1785 2256 θρηνεῖν,

809 2294 864 2345 ἐν
894 2292 1006 2345 οἷσι
1035 2293 1304 2362 Λάμπρος
1331 2291 1734 2361 ἐναπέθνῃσκεν

375 2363 659 2434 ἄνθρωπος
701 2365 871 2418 <ὢν>
912 2364 1269 2431 ὑδατοπότης,
1308 2363 1529 2434 μινυρὸς
1569 2363 1801 2434 ὑπερσο-

519 2437 738 2506 φιστής,

371 2512 619 2562 ἹᾼΝἸουσῶν
683 2509 959 2571 σκελετός,
1025 2510 1267 2575 ἀηδόνων
1329 2508 1584 2577 ἠπίαλος,
1640 2507 1805 2575 ὕμνος

505 2578 720 2634 (Ἀιδου.

301 2667 364 2724 46
