<?xml version="1.0" encoding="UTF-8"?>
<!DOCTYPE html PUBLIC "-//W3C//DTD XHTML 1.0 Transitional//EN"
    "http://www.w3.org/TR/xhtml1/DTD/xhtml1-transitional.dtd">
<html xmlns="http://www.w3.org/1999/xhtml" xml:lang="en" lang="en">
 <head>
  <title>
</title>
<meta http-equiv="Content-Type" content="text/html;charset=utf-8" />
  <meta name='ocr-system' content='tesseract 3.04.00' />
  <meta name='ocr-capabilities' content='ocr_page ocr_carea ocr_par ocr_line ocrx_word'/>
</head>
<body>
  <div class='ocr_page' id='page_1' title='image "./lyragraecabeingr03edmouoft_0390.png"; bbox 0 0 1900 3072; ppageno 0'>
   <div class='ocr_carea' id='block_1_1' title="bbox 794 213 1310 260">
    <p class='ocr_par' dir='ltr' id='par_1_1' title="bbox 794 213 1310 260">
     <span class='ocr_line' id='line_1_1' title="bbox 794 213 1310 260; baseline -0.002 0"><span class='ocrx_word' id='word_1_1' title='bbox 794 213 980 260; x_wconf 88' lang='lat' dir='ltr'>LYRA</span> <span class='ocrx_word' id='word_1_2' title='bbox 1030 213 1310 260; x_wconf 87' lang='lat' dir='ltr'><strong>GRAECA</strong></span> 
     </span>
    </p>
   </div>
   <div class='ocr_carea' id='block_1_2' title="bbox 298 342 1804 560">
    <p class='ocr_par' dir='ltr' id='par_1_2' title="bbox 298 342 1804 560">
     <span class='ocr_line' id='line_1_2' title="bbox 298 342 1804 432; baseline 0.002 -39"><span class='ocrx_word' id='word_1_3' title='bbox 298 343 484 411; x_wconf 83' lang='grc' dir='ltr'>φησίν.</span> <span class='ocrx_word' id='word_1_4' title='bbox 489 342 695 396; x_wconf 84' lang='grc' dir='ltr'>-ἀλλ’</span> <span class='ocrx_word' id='word_1_5' title='bbox 733 342 978 411; x_wconf 82' lang='grc' dir='ltr'>οἰμώζειν</span> <span class='ocrx_word' id='word_1_6' title='bbox 1011 343 1208 399; x_wconf 89' lang='grc' dir='ltr'>ἐκεῖνος</span> <span class='ocrx_word' id='word_1_7' title='bbox 1244 342 1541 432; x_wconf 76' lang='grc' dir='ltr'>ἐλευθέρως</span> <span class='ocrx_word' id='word_1_8' title='bbox 1576 343 1804 413; x_wconf 63' lang='grc' dir='ltr'>«γράφων</span> 
     </span>
     <span class='ocr_line' id='line_1_3' title="bbox 299 414 1804 487; baseline -0.001 -18"><span class='ocrx_word' id='word_1_9' title='bbox 299 418 462 487; x_wconf 81' lang='grc' dir='ltr'>αὐτῷ·</span> <span class='ocrx_word' id='word_1_10' title='bbox 515 419 546 482; x_wconf 85' lang='grc' dir='ltr'>ἡ</span> <span class='ocrx_word' id='word_1_11' title='bbox 586 416 692 483; x_wconf 64' lang='grc' dir='ltr'>«γὰρ</span> <span class='ocrx_word' id='word_1_12' title='bbox 735 415 962 481; x_wconf 79' lang='grc' dir='ltr'>τοιαύτη</span> <span class='ocrx_word' id='word_1_13' title='bbox 1004 414 1375 483; x_wconf 74' lang='grc' dir='ltr'>ἀπαγόρευσις</span> <span class='ocrx_word' id='word_1_14' title='bbox 1421 415 1604 483; x_wconf 89' lang='grc' dir='ltr'>ὅμοιόν</span> <span class='ocrx_word' id='word_1_15' title='bbox 1650 417 1804 468; x_wconf 87' lang='grc' dir='ltr'>ἐστιν</span> 
     </span>
     <span class='ocr_line' id='line_1_4' title="bbox 300 488 1463 560; baseline -0.002 -17"><span class='ocrx_word' id='word_1_16' title='bbox 300 490 489 560; x_wconf 88' lang='grc' dir='ltr'>ὥσπερ</span> <span class='ocrx_word' id='word_1_17' title='bbox 518 490 582 542; x_wconf 79' lang='grc' dir='ltr'>ἂν</span> <span class='ocrx_word' id='word_1_18' title='bbox 610 489 655 542; x_wconf 86' lang='grc' dir='ltr'>εἰ</span> <span class='ocrx_word' id='word_1_19' title='bbox 683 490 876 557; x_wconf 83' lang='grc' dir='ltr'>οιμωζε</span> <span class='ocrx_word' id='word_1_20' title='bbox 905 488 1039 557; x_wconf 85' lang='grc' dir='ltr'>πρὸς</span> <span class='ocrx_word' id='word_1_21' title='bbox 1066 489 1230 541; x_wconf 85' lang='grc' dir='ltr'>αὐτὸν</span> <span class='ocrx_word' id='word_1_22' title='bbox 1258 488 1463 556; x_wconf 65' lang='grc' dir='ltr'>ἔλεγεν.</span> 
     </span>
    </p>
   </div>
   <div class='ocr_carea' id='block_1_3' title="bbox 297 587 1804 1152">
    <p class='ocr_par' dir='ltr' id='par_1_3' title="bbox 297 587 1803 1152">
     <span class='ocr_line' id='line_1_5' title="bbox 374 587 1801 654; baseline 0.004 -18"><span class='ocrx_word' id='word_1_23' title='bbox 374 591 501 637; x_wconf 73' lang='grc' dir='ltr'>Ρ1υῒ.</span> <span class='ocrx_word' id='word_1_24' title='bbox 535 590 621 636; x_wconf 71' lang='lat' dir='ltr'>Vzt</span> <span class='ocrx_word' id='word_1_25' title='bbox 647 590 753 636; x_wconf 80' lang='lat' dir='ltr'>Aer.</span> <span class='ocrx_word' id='word_1_26' title='bbox 777 589 851 636; x_wconf 83' lang='grc' dir='ltr'>Αἰ.</span> <span class='ocrx_word' id='word_1_27' title='bbox 876 589 956 635; x_wconf 92' lang='lat' dir='ltr'>fin.</span> <span class='ocrx_word' id='word_1_28' title='bbox 1038 589 1132 641; x_wconf 86' lang='grc' dir='ltr'>καὶ</span> <span class='ocrx_word' id='word_1_29' title='bbox 1158 587 1214 640; x_wconf 88' lang='grc' dir='ltr'>τί</span> <span class='ocrx_word' id='word_1_30' title='bbox 1241 587 1321 642; x_wconf 85' lang='grc' dir='ltr'>δεῖ</span> <span class='ocrx_word' id='word_1_31' title='bbox 1344 587 1569 646; x_wconf 80' lang='grc' dir='ltr'>τούτους</span> <span class='ocrx_word' id='word_1_32' title='bbox 1600 587 1801 654; x_wconf 78' lang='grc' dir='ltr'>λέγειν,</span> 
     </span>
     <span class='ocr_line' id='line_1_6' title="bbox 301 659 1803 730; baseline -0.001 -16"><span class='ocrx_word' id='word_1_33' title='bbox 301 661 440 714; x_wconf 87' lang='grc' dir='ltr'>ὅπου</span> <span class='ocrx_word' id='word_1_34' title='bbox 466 660 761 729; x_wconf 80' lang='grc' dir='ltr'>Φιλόξενος</span> <span class='ocrx_word' id='word_1_35' title='bbox 799 659 824 714; x_wconf 83' lang='lat'><em>6</em></span> <span class='ocrx_word' id='word_1_36' title='bbox 860 659 1156 728; x_wconf 83' lang='grc' dir='ltr'>μελοποιος</span> <span class='ocrx_word' id='word_1_37' title='bbox 1193 662 1245 713; x_wconf 86' lang='grc' dir='ltr'>ἐν</span> <span class='ocrx_word' id='word_1_38' title='bbox 1283 659 1516 714; x_wconf 81' lang='grc' dir='ltr'>ἀποικία</span> <span class='ocrx_word' id='word_1_39' title='bbox 1541 661 1803 730; x_wconf 81' lang='grc' dir='ltr'>Σικελικῇ</span> 
     </span>
     <span class='ocr_line' id='line_1_7' title="bbox 300 732 1803 804; baseline -0.001 -18"><span class='ocrx_word' id='word_1_40' title='bbox 300 734 507 804; x_wconf 77' lang='grc' dir='ltr'>κλήρου</span> <span class='ocrx_word' id='word_1_41' title='bbox 553 734 854 804; x_wconf 82' lang='grc' dir='ltr'>μετασχὼν</span> <span class='ocrx_word' id='word_1_42' title='bbox 903 756 997 786; x_wconf 94' lang='grc' dir='ltr'>και</span> <span class='ocrx_word' id='word_1_43' title='bbox 1047 732 1177 796; x_wconf 78' lang='grc' dir='ltr'>βίον</span> <span class='ocrx_word' id='word_1_44' title='bbox 1229 734 1324 786; x_wconf 87' lang='grc' dir='ltr'>καὶ</span> <span class='ocrx_word' id='word_1_45' title='bbox 1373 735 1526 787; x_wconf 79' lang='grc' dir='ltr'>οὶκου</span> <span class='ocrx_word' id='word_1_46' title='bbox 1578 734 1803 798; x_wconf 87' lang='grc' dir='ltr'>πολλὴν</span> 
     </span>
     <span class='ocr_line' id='line_1_8' title="bbox 298 805 1803 877; baseline -0.001 -17"><span class='ocrx_word' id='word_1_47' title='bbox 298 805 560 877; x_wconf 81' lang='grc' dir='ltr'>εὐπορίαν</span> <span class='ocrx_word' id='word_1_48' title='bbox 586 806 823 877; x_wconf 80' lang='grc' dir='ltr'>ἔχοντος,</span> <span class='ocrx_word' id='word_1_49' title='bbox 855 805 991 876; x_wconf 84' lang='grc' dir='ltr'>ὁρῶν</span> <span class='ocrx_word' id='word_1_50' title='bbox 1020 805 1074 858; x_wconf 79' lang='grc' dir='ltr'>δὲ</span> <span class='ocrx_word' id='word_1_51' title='bbox 1102 805 1315 877; x_wconf 82' lang='grc' dir='ltr'>τρυφὴν</span> <span class='ocrx_word' id='word_1_52' title='bbox 1340 807 1432 860; x_wconf 87' lang='grc' dir='ltr'>καὶ</span> <span class='ocrx_word' id='word_1_53' title='bbox 1461 805 1803 873; x_wconf 84' lang='grc' dir='ltr'>ἡδυπάθειαν</span> 
     </span>
     <span class='ocr_line' id='line_1_9' title="bbox 297 877 1804 950; baseline -0.001 -18"><span class='ocrx_word' id='word_1_54' title='bbox 297 880 391 932; x_wconf 86' lang='grc' dir='ltr'>καὶ</span> <span class='ocrx_word' id='word_1_55' title='bbox 431 879 704 944; x_wconf 81' lang='grc' dir='ltr'>ἀμουσίαν</span> <span class='ocrx_word' id='word_1_56' title='bbox 745 879 1242 950; x_wconf 78' lang='grc' dir='ltr'>ἐπιχωριάζουσαν,</span> <span class='ocrx_word' id='word_1_57' title='bbox 1282 878 1414 930; x_wconf 52' lang='grc' dir='ltr'>(Μὰ</span> <span class='ocrx_word' id='word_1_58' title='bbox 1454 878 1578 936; x_wconf 85' lang='grc' dir='ltr'>τοὺς</span> <span class='ocrx_word' id='word_1_59' title='bbox 1617 877 1804 938; x_wconf 86' lang='grc' dir='ltr'>θεούς,’</span> 
     </span>
     <span class='ocr_line' id='line_1_10' title="bbox 300 950 1802 1021; baseline -0.001 -17"><span class='ocrx_word' id='word_1_60' title='bbox 300 952 465 1011; x_wconf 80' lang='grc' dir='ltr'>εἶπεν,</span> <span class='ocrx_word' id='word_1_61' title='bbox 497 952 619 1021; x_wconf 72' lang='grc' dir='ltr'>’ἐμὲ</span> <span class='ocrx_word' id='word_1_62' title='bbox 659 956 834 1005; x_wconf 86' lang='grc' dir='ltr'>ταῦτα</span> <span class='ocrx_word' id='word_1_63' title='bbox 874 950 1094 1017; x_wconf 72' lang='grc' dir='ltr'>τάγαθὰ</span> <span class='ocrx_word' id='word_1_64' title='bbox 1135 952 1232 1004; x_wconf 82' lang='grc' dir='ltr'>οὐκ</span> <span class='ocrx_word' id='word_1_65' title='bbox 1271 952 1491 1011; x_wconf 83' lang='grc' dir='ltr'>ἀπολεῖ,</span> <span class='ocrx_word' id='word_1_66' title='bbox 1525 951 1654 1004; x_wconf 87' lang='grc' dir='ltr'>ἀλλ’</span> <span class='ocrx_word' id='word_1_67' title='bbox 1696 952 1802 1016; x_wconf 70' lang='grc' dir='ltr'>ἐγὼ</span> 
     </span>
     <span class='ocr_line' id='line_1_11' title="bbox 300 1023 1800 1095; baseline -0.001 -17"><span class='ocrx_word' id='word_1_68' title='bbox 300 1023 509 1078; x_wconf 86' lang='grc' dir='ltr'>ταῦτα·’</span> <span class='ocrx_word' id='word_1_69' title='bbox 564 1024 654 1078; x_wconf 88' lang='grc' dir='ltr'>καὶ</span> <span class='ocrx_word' id='word_1_70' title='bbox 694 1024 1023 1078; x_wconf 85' lang='grc' dir='ltr'>καταλιπὼν</span> <span class='ocrx_word' id='word_1_71' title='bbox 1065 1025 1262 1095; x_wconf 86' lang='grc' dir='ltr'>ἑτέροις</span> <span class='ocrx_word' id='word_1_72' title='bbox 1304 1023 1396 1078; x_wconf 88' lang='grc' dir='ltr'>τὸν</span> <span class='ocrx_word' id='word_1_73' title='bbox 1442 1029 1647 1093; x_wconf 82' lang='grc' dir='ltr'>κλῆρον</span> <span class='ocrx_word' id='word_1_74' title='bbox 1691 1023 1800 1092; x_wconf 81' lang='grc' dir='ltr'>ἐξέ-</span> 
     </span>
     <span class='ocr_line' id='line_1_12' title="bbox 297 1106 558 1152; baseline -0.008 0"><span class='ocrx_word' id='word_1_75' title='bbox 297 1106 558 1152; x_wconf 88' lang='grc' dir='ltr'>πλευσεν.</span> 
     </span>
    </p>
   </div>
   <div class='ocr_carea' id='block_1_4' title="bbox 300 1196 1805 1687">
    <p class='ocr_par' dir='ltr' id='par_1_4' title="bbox 300 1196 1805 1687">
     <span class='ocr_line' id='line_1_13' title="bbox 374 1196 1805 1267; baseline 0.006 -22"><span class='ocrx_word' id='word_1_76' title='bbox 374 1200 491 1246; x_wconf 88' lang='lat' dir='ltr'>Luc.</span> <span class='ocrx_word' id='word_1_77' title='bbox 537 1199 634 1246; x_wconf 83' lang='lat' dir='ltr'><em>Cal.</em></span> <span class='ocrx_word' id='word_1_78' title='bbox 679 1200 741 1247; x_wconf 81' lang='lat'>14</span> <span class='ocrx_word' id='word_1_79' title='bbox 817 1198 985 1251; x_wconf 88' lang='grc' dir='ltr'>ἐνίοτε</span> <span class='ocrx_word' id='word_1_80' title='bbox 1026 1197 1209 1265; x_wconf 84' lang='grc' dir='ltr'>μέντοι</span> <span class='ocrx_word' id='word_1_81' title='bbox 1257 1197 1350 1250; x_wconf 88' lang='grc' dir='ltr'>καὶ</span> <span class='ocrx_word' id='word_1_82' title='bbox 1397 1196 1421 1250; x_wconf 88' lang='grc' dir='ltr'>ὁ</span> <span class='ocrx_word' id='word_1_83' title='bbox 1465 1197 1805 1267; x_wconf 68' lang='grc' dir='ltr'>ἀκροώμενος</span> 
     </span>
     <span class='ocr_line' id='line_1_14' title="bbox 301 1268 1803 1339; baseline -0.001 -16"><span class='ocrx_word' id='word_1_84' title='bbox 301 1269 463 1327; x_wconf 80' lang='grc' dir='ltr'>αὐτὸς</span> <span class='ocrx_word' id='word_1_85' title='bbox 500 1270 822 1332; x_wconf 73' lang='grc' dir='ltr'>ὑποβάλλει</span> <span class='ocrx_word' id='word_1_86' title='bbox 860 1275 953 1337; x_wconf 87' lang='grc' dir='ltr'>τῆς</span> <span class='ocrx_word' id='word_1_87' title='bbox 991 1270 1261 1336; x_wconf 77' lang='grc' dir='ltr'>διαβολῆς</span> <span class='ocrx_word' id='word_1_88' title='bbox 1290 1268 1386 1327; x_wconf 79' lang='grc' dir='ltr'>τὰς</span> <span class='ocrx_word' id='word_1_89' title='bbox 1415 1270 1680 1339; x_wconf 85' lang='grc' dir='ltr'>ἀφορμάς,</span> <span class='ocrx_word' id='word_1_90' title='bbox 1711 1269 1803 1322; x_wconf 83' lang='grc' dir='ltr'>καὶ</span> 
     </span>
     <span class='ocr_line' id='line_1_15' title="bbox 300 1341 1802 1412; baseline -0.001 -17"><span class='ocrx_word' id='word_1_91' title='bbox 300 1341 434 1408; x_wconf 86' lang='grc' dir='ltr'>πρὸς</span> <span class='ocrx_word' id='word_1_92' title='bbox 463 1341 556 1395; x_wconf 85' lang='grc' dir='ltr'>τὸν</span> <span class='ocrx_word' id='word_1_93' title='bbox 583 1343 787 1395; x_wconf 79' lang='grc' dir='ltr'>ἐκείνου</span> <span class='ocrx_word' id='word_1_94' title='bbox 815 1342 1021 1412; x_wconf 84' lang='grc' dir='ltr'>τρόπον</span> <span class='ocrx_word' id='word_1_95' title='bbox 1048 1343 1098 1396; x_wconf 86' lang='grc' dir='ltr'>οἱ</span> <span class='ocrx_word' id='word_1_96' title='bbox 1124 1342 1412 1410; x_wconf 88' lang='grc' dir='ltr'>κακοήθεις</span> <span class='ocrx_word' id='word_1_97' title='bbox 1448 1343 1604 1395; x_wconf 81' lang='grc' dir='ltr'>αὐτοὶ</span> <span class='ocrx_word' id='word_1_98' title='bbox 1639 1343 1802 1411; x_wconf 84' lang='grc' dir='ltr'>ἁρμο-</span> 
     </span>
     <span class='ocr_line' id='line_1_16' title="bbox 303 1414 1804 1484; baseline 0.001 -17"><span class='ocrx_word' id='word_1_99' title='bbox 303 1414 509 1483; x_wconf 83' lang='grc' dir='ltr'>ζόμενοι</span> <span class='ocrx_word' id='word_1_100' title='bbox 547 1416 913 1484; x_wconf 81' lang='grc' dir='ltr'>εὐστοχοῦσιν</span> <span class='ocrx_word' id='word_1_101' title='bbox 958 1458 966 1468; x_wconf 94' lang='grc'><strong>.</strong></span> <span class='ocrx_word' id='word_1_102' title='bbox 1011 1456 1021 1468; x_wconf 93' lang='grc'><strong>.</strong></span> <span class='ocrx_word' id='word_1_103' title='bbox 1065 1457 1075 1468; x_wconf 91' lang='grc'><strong>.</strong></span> <span class='ocrx_word' id='word_1_104' title='bbox 1118 1416 1181 1480; x_wconf 86' lang='grc' dir='ltr'>ἢν</span> <span class='ocrx_word' id='word_1_105' title='bbox 1221 1414 1278 1467; x_wconf 85' lang='grc' dir='ltr'>δὲ</span> <span class='ocrx_word' id='word_1_106' title='bbox 1319 1414 1603 1480; x_wconf 73' lang='grc' dir='ltr'>ποιητικὸς</span> <span class='ocrx_word' id='word_1_107' title='bbox 1638 1415 1670 1484; x_wconf 83' lang='grc' dir='ltr'><em>ᾗ</em></span> <span class='ocrx_word' id='word_1_108' title='bbox 1711 1415 1804 1468; x_wconf 83' lang='grc' dir='ltr'>καὶ</span> 
     </span>
     <span class='ocr_line' id='line_1_17' title="bbox 303 1486 1802 1559; baseline 0 -19"><span class='ocrx_word' id='word_1_109' title='bbox 303 1489 394 1540; x_wconf 85' lang='grc' dir='ltr'>ἐπὶ</span> <span class='ocrx_word' id='word_1_110' title='bbox 423 1488 597 1558; x_wconf 84' lang='grc' dir='ltr'>τούτῳ</span> <span class='ocrx_word' id='word_1_111' title='bbox 625 1488 767 1555; x_wconf 71' lang='grc' dir='ltr'>μέγα</span> <span class='ocrx_word' id='word_1_112' title='bbox 795 1492 985 1559; x_wconf 79' lang='grc' dir='ltr'>φρονῇ,</span> <span class='ocrx_word' id='word_1_113' title='bbox 1012 1498 1024 1516; x_wconf 87' lang='lat'>‘</span> <span class='ocrx_word' id='word_1_114' title='bbox 1044 1487 1145 1540; x_wconf 77' lang='grc' dir='ltr'>Μὰ</span> <span class='ocrx_word' id='word_1_115' title='bbox 1173 1486 1308 1541; x_wconf 85' lang='grc' dir='ltr'>Δία’</span> <span class='ocrx_word' id='word_1_116' title='bbox 1333 1488 1525 1557; x_wconf 80' lang='grc' dir='ltr'>(φασὶ)</span> <span class='ocrx_word' id='word_1_117' title='bbox 1543 1496 1555 1515; x_wconf 92' lang='lat'>‘</span> <span class='ocrx_word' id='word_1_118' title='bbox 1575 1487 1802 1558; x_wconf 84' lang='grc' dir='ltr'>ἐχλεύα-</span> 
     </span>
     <span class='ocr_line' id='line_1_18' title="bbox 305 1559 1804 1630; baseline -0.001 -18"><span class='ocrx_word' id='word_1_119' title='bbox 305 1559 370 1613; x_wconf 84' lang='grc' dir='ltr'>σέ</span> <span class='ocrx_word' id='word_1_120' title='bbox 398 1583 499 1613; x_wconf 91' lang='grc' dir='ltr'>σου</span> <span class='ocrx_word' id='word_1_121' title='bbox 527 1560 824 1627; x_wconf 75' lang='grc' dir='ltr'>Φιλόξενος</span> <span class='ocrx_word' id='word_1_122' title='bbox 851 1562 918 1613; x_wconf 85' lang='grc' dir='ltr'>τά</span> <span class='ocrx_word' id='word_1_123' title='bbox 948 1562 1052 1625; x_wconf 81' lang='grc' dir='ltr'>ἔπη</span> <span class='ocrx_word' id='word_1_124' title='bbox 1089 1562 1177 1614; x_wconf 78' lang='grc' dir='ltr'>καὶ</span> <span class='ocrx_word' id='word_1_125' title='bbox 1223 1560 1437 1630; x_wconf 85' lang='grc' dir='ltr'>διέσυρε</span> <span class='ocrx_word' id='word_1_126' title='bbox 1473 1560 1567 1614; x_wconf 83' lang='grc' dir='ltr'>καὶ</span> <span class='ocrx_word' id='word_1_127' title='bbox 1594 1561 1804 1630; x_wconf 82' lang='grc' dir='ltr'>ἄμετρα</span> 
     </span>
     <span class='ocr_line' id='line_1_19' title="bbox 303 1633 1186 1687; baseline 0 -1"><span class='ocrx_word' id='word_1_128' title='bbox 303 1633 452 1687; x_wconf 80' lang='grc' dir='ltr'>εἶπεν</span> <span class='ocrx_word' id='word_1_129' title='bbox 477 1633 620 1687; x_wconf 79' lang='grc' dir='ltr'>αὐτὰ</span> <span class='ocrx_word' id='word_1_130' title='bbox 646 1634 739 1687; x_wconf 84' lang='grc' dir='ltr'>καὶ</span> <span class='ocrx_word' id='word_1_131' title='bbox 766 1633 1186 1687; x_wconf 85' lang='grc' dir='ltr'>κακοσύνθετα.’</span> 
     </span>
    </p>
   </div>
   <div class='ocr_carea' id='block_1_5' title="bbox 305 1731 1804 2093">
    <p class='ocr_par' dir='ltr' id='par_1_5' title="bbox 305 1731 1804 2093">
     <span class='ocr_line' id='line_1_20' title="bbox 377 1731 1802 1800; baseline 0.005 -22"><span class='ocrx_word' id='word_1_132' title='bbox 377 1734 495 1780; x_wconf 76' lang='lat' dir='ltr'><strong>Ath.</strong></span> <span class='ocrx_word' id='word_1_133' title='bbox 527 1736 570 1782; x_wconf 75' lang='lat'>8.</span> <span class='ocrx_word' id='word_1_134' title='bbox 601 1736 694 1783; x_wconf 82' lang='lat'>352</span> <span class='ocrx_word' id='word_1_135' title='bbox 722 1752 746 1780; x_wconf 88' lang='lat' dir='ltr'>c</span> <span class='ocrx_word' id='word_1_136' title='bbox 827 1732 1071 1799; x_wconf 83' lang='grc' dir='ltr'>ζηλωτὴς</span> <span class='ocrx_word' id='word_1_137' title='bbox 1115 1732 1169 1785; x_wconf 87' lang='grc' dir='ltr'>δὲ</span> <span class='ocrx_word' id='word_1_138' title='bbox 1213 1731 1424 1789; x_wconf 84' lang='grc' dir='ltr'>&lt;διὰ&gt;</span> <span class='ocrx_word' id='word_1_139' title='bbox 1468 1735 1573 1785; x_wconf 84' lang='grc' dir='ltr'>τῶν</span> <span class='ocrx_word' id='word_1_140' title='bbox 1614 1733 1802 1800; x_wconf 84' lang='grc' dir='ltr'>εὐτρα-</span> 
     </span>
     <span class='ocr_line' id='line_1_21' title="bbox 306 1803 1803 1875; baseline 0.001 -19"><span class='ocrx_word' id='word_1_141' title='bbox 306 1804 491 1857; x_wconf 87' lang='grc' dir='ltr'>πέλων</span> <span class='ocrx_word' id='word_1_142' title='bbox 553 1804 734 1873; x_wconf 69' lang='grc' dir='ltr'>λόγων</span> <span class='ocrx_word' id='word_1_143' title='bbox 800 1805 1006 1858; x_wconf 82' lang='grc' dir='ltr'>τούτων</span> <span class='ocrx_word' id='word_1_144' title='bbox 1069 1804 1278 1872; x_wconf 75' lang='grc' dir='ltr'>ἐγένετο</span> <span class='ocrx_word' id='word_1_145' title='bbox 1344 1804 1369 1858; x_wconf 89' lang='grc' dir='ltr'><em>ὁ</em></span> <span class='ocrx_word' id='word_1_146' title='bbox 1439 1803 1803 1875; x_wconf 86' lang='grc' dir='ltr'>Στρατόνικος</span> 
     </span>
     <span class='ocr_line' id='line_1_22' title="bbox 305 1873 1804 1948; baseline 0 -17"><span class='ocrx_word' id='word_1_147' title='bbox 305 1873 609 1944; x_wconf 81' lang='grc' dir='ltr'>Σιμωνίδου</span> <span class='ocrx_word' id='word_1_148' title='bbox 660 1882 757 1930; x_wconf 85' lang='grc' dir='ltr'>τοῦ</span> <span class='ocrx_word' id='word_1_149' title='bbox 809 1882 1058 1943; x_wconf 85' lang='grc' dir='ltr'>ποιητοῦ,</span> <span class='ocrx_word' id='word_1_150' title='bbox 1113 1878 1181 1934; x_wconf 82' lang='grc' dir='ltr'>ὥς</span> <span class='ocrx_word' id='word_1_151' title='bbox 1233 1883 1406 1948; x_wconf 86' lang='grc' dir='ltr'>φησιν</span> <span class='ocrx_word' id='word_1_152' title='bbox 1461 1878 1698 1947; x_wconf 80' lang='grc' dir='ltr'>’Έφορος</span> <span class='ocrx_word' id='word_1_153' title='bbox 1749 1879 1804 1931; x_wconf 87' lang='grc' dir='ltr'>ἐν</span> 
     </span>
     <span class='ocr_line' id='line_1_23' title="bbox 305 1948 1804 2020; baseline 0.001 -19"><span class='ocrx_word' id='word_1_154' title='bbox 305 1948 533 2018; x_wconf 83' lang='grc' dir='ltr'>δευτερῳ</span> <span class='ocrx_word' id='word_1_155' title='bbox 561 1951 701 2020; x_wconf 82' lang='grc' dir='ltr'>Περὶ</span> <span class='ocrx_word' id='word_1_156' title='bbox 740 1952 1095 2019; x_wconf 82' lang='grc' dir='ltr'>Εὑρημάτων,</span> <span class='ocrx_word' id='word_1_157' title='bbox 1127 1950 1361 2019; x_wconf 83' lang='grc' dir='ltr'>φάσκων</span> <span class='ocrx_word' id='word_1_158' title='bbox 1385 1950 1478 2003; x_wconf 87' lang='grc' dir='ltr'>καὶ</span> <span class='ocrx_word' id='word_1_159' title='bbox 1506 1949 1804 2018; x_wconf 82' lang='grc' dir='ltr'>Φιλόξενον</span> 
     </span>
     <span class='ocr_line' id='line_1_24' title="bbox 305 2021 1589 2093; baseline 0.001 -18"><span class='ocrx_word' id='word_1_160' title='bbox 305 2023 397 2076; x_wconf 83' lang='grc' dir='ltr'>τὸν</span> <span class='ocrx_word' id='word_1_161' title='bbox 428 2023 704 2093; x_wconf 82' lang='grc' dir='ltr'>Κυθήριον</span> <span class='ocrx_word' id='word_1_162' title='bbox 731 2024 857 2092; x_wconf 85' lang='grc' dir='ltr'>περὶ</span> <span class='ocrx_word' id='word_1_163' title='bbox 886 2023 953 2077; x_wconf 85' lang='grc' dir='ltr'>τὰ</span> <span class='ocrx_word' id='word_1_164' title='bbox 982 2024 1141 2092; x_wconf 85' lang='grc' dir='ltr'>ὅμοια</span> <span class='ocrx_word' id='word_1_165' title='bbox 1167 2021 1589 2077; x_wconf 86' lang='grc' dir='ltr'>ἐσπουδακέναι.</span> 
     </span>
    </p>
   </div>
   <div class='ocr_carea' id='block_1_6' title="bbox 305 2125 1805 2340">
    <p class='ocr_par' dir='ltr' id='par_1_6' title="bbox 306 2125 1805 2340">
     <span class='ocr_line' id='line_1_25' title="bbox 378 2125 1805 2212; baseline 0.007 -41"><span class='ocrx_word' id='word_1_166' title='bbox 378 2126 524 2189; x_wconf 83' lang='lat' dir='ltr'><strong>Diog.</strong></span> <span class='ocrx_word' id='word_1_167' title='bbox 566 2127 731 2174; x_wconf 71' lang='lat' dir='ltr'>Laert.</span> <span class='ocrx_word' id='word_1_168' title='bbox 772 2130 816 2177; x_wconf 85' lang='lat'>4.</span> <span class='ocrx_word' id='word_1_169' title='bbox 857 2131 900 2177; x_wconf 88' lang='lat'><em>6</em></span> <span class='ocrx_word' id='word_1_170' title='bbox 944 2130 1001 2176; x_wconf 90' lang='grc'>11</span> <span class='ocrx_word' id='word_1_171' title='bbox 1085 2128 1164 2195; x_wconf 89' lang='grc' dir='ltr'>[π.</span> <span class='ocrx_word' id='word_1_172' title='bbox 1207 2125 1620 2196; x_wconf 88' lang='grc' dir='ltr'>Ἀρκεσιλάου]·</span> <span class='ocrx_word' id='word_1_173' title='bbox 1668 2125 1805 2212; x_wconf 72' lang='grc' dir='ltr'>πρὸς</span> 
     </span>
     <span class='ocr_line' id='line_1_26' title="bbox 305 2195 1804 2267; baseline 0.001 -18.016"><span class='ocrx_word' id='word_1_174' title='bbox 305 2198 676 2264; x_wconf 69' lang='grc' dir='ltr'>Ἀλεξίνειόν1</span> <span class='ocrx_word' id='word_1_175' title='bbox 711 2221 833 2252; x_wconf 92' lang='grc' dir='ltr'>τινα</span> <span class='ocrx_word' id='word_1_176' title='bbox 860 2199 1219 2259; x_wconf 85' lang='grc' dir='ltr'>διαλεκτικόν,</span> <span class='ocrx_word' id='word_1_177' title='bbox 1247 2199 1320 2267; x_wconf 86' lang='grc' dir='ltr'>μὴ</span> <span class='ocrx_word' id='word_1_178' title='bbox 1359 2198 1648 2267; x_wconf 86' lang='grc' dir='ltr'>δυνάμενον</span> <span class='ocrx_word' id='word_1_179' title='bbox 1683 2195 1804 2250; x_wconf 86' lang='grc' dir='ltr'>κατ’</span> 
     </span>
     <span class='ocr_line' id='line_1_27' title="bbox 306 2269 1805 2340; baseline 0.001 -19"><span class='ocrx_word' id='word_1_180' title='bbox 306 2270 466 2338; x_wconf 78' lang='grc' dir='ltr'>ἀξίαν</span> <span class='ocrx_word' id='word_1_181' title='bbox 495 2274 601 2324; x_wconf 88' lang='grc' dir='ltr'>τῶν</span> <span class='ocrx_word' id='word_1_182' title='bbox 626 2270 913 2340; x_wconf 82' lang='grc' dir='ltr'>Ἀλεξίνου</span> <span class='ocrx_word' id='word_1_183' title='bbox 941 2295 993 2325; x_wconf 92' lang='grc' dir='ltr'>τι</span> <span class='ocrx_word' id='word_1_184' title='bbox 1022 2271 1414 2340; x_wconf 66' lang='grc' dir='ltr'>διηγήσασθαι,</span> <span class='ocrx_word' id='word_1_185' title='bbox 1437 2271 1499 2324; x_wconf 84' lang='grc' dir='ltr'>τὸ</span> <span class='ocrx_word' id='word_1_186' title='bbox 1525 2269 1805 2339; x_wconf 84' lang='grc' dir='ltr'>Φιλοξένῳ</span> 
     </span>
    </p>
   </div>
   <div class='ocr_carea' id='block_1_7' title="bbox 809 2378 1304 2430">
    <p class='ocr_par' dir='ltr' id='par_1_7' title="bbox 809 2378 1304 2430">
     <span class='ocr_line' id='line_1_28' title="bbox 809 2378 1304 2430; baseline -0.004 -11"><span class='ocrx_word' id='word_1_187' title='bbox 809 2379 825 2402; x_wconf 76' lang='lat'>¹</span> <span class='ocrx_word' id='word_1_188' title='bbox 855 2378 963 2419; x_wconf 81' lang='lat' dir='ltr'>Cas:</span> <span class='ocrx_word' id='word_1_189' title='bbox 996 2392 1082 2418; x_wconf 76' lang='lat' dir='ltr'>mss</span> <span class='ocrx_word' id='word_1_190' title='bbox 1099 2379 1304 2430; x_wconf 81' lang='grc' dir='ltr'>Ἀλεξῖνον</span> 
     </span>
    </p>
   </div>
   <div class='ocr_carea' id='block_1_8' title="bbox 307 2486 1805 2649">
    <p class='ocr_par' dir='ltr' id='par_1_8' title="bbox 307 2486 1805 2649">
     <span class='ocr_line' id='line_1_29' title="bbox 364 2486 1803 2541; baseline -0.001 -15"><span class='ocrx_word' id='word_1_191' title='bbox 364 2488 378 2511; x_wconf 82' lang='lat'>¹</span> <span class='ocrx_word' id='word_1_192' title='bbox 410 2490 476 2527; x_wconf 66' lang='lat'>220.</span> <span class='ocrx_word' id='word_1_193' title='bbox 503 2501 568 2527; x_wconf 80' lang='lat' dir='ltr'>we</span> <span class='ocrx_word' id='word_1_194' title='bbox 592 2502 665 2527; x_wconf 81' lang='lat' dir='ltr'>are</span> <span class='ocrx_word' id='word_1_195' title='bbox 687 2496 763 2527; x_wconf 82' lang='lat' dir='ltr'>not</span> <span class='ocrx_word' id='word_1_196' title='bbox 785 2494 831 2528; x_wconf 86' lang='lat' dir='ltr'>to</span> <span class='ocrx_word' id='word_1_197' title='bbox 853 2502 1041 2541; x_wconf 75' lang='lat' dir='ltr'>suppose</span> <span class='ocrx_word' id='word_1_198' title='bbox 1062 2489 1162 2528; x_wconf 78' lang='lat' dir='ltr'>that</span> <span class='ocrx_word' id='word_1_199' title='bbox 1184 2489 1229 2529; x_wconf 91' lang='lat' dir='ltr'>P.</span> <span class='ocrx_word' id='word_1_200' title='bbox 1256 2493 1395 2528; x_wconf 75' lang='lat' dir='ltr'><strong>wrote</strong></span> <span class='ocrx_word' id='word_1_201' title='bbox 1417 2488 1492 2528; x_wconf 71' lang='lat' dir='ltr'>bhe</span> <span class='ocrx_word' id='word_1_202' title='bbox 1512 2486 1632 2527; x_wconf 86' lang='lat' dir='ltr'>word</span> <span class='ocrx_word' id='word_1_203' title='bbox 1660 2486 1803 2536; x_wconf 73' lang='grc' dir='ltr'>οἴμωζε</span> 
     </span>
     <span class='ocr_line' id='line_1_30' title="bbox 313 2541 1805 2594; baseline 0.001 -16"><span class='ocrx_word' id='word_1_204' title='bbox 313 2544 321 2560; x_wconf 92' lang='lat'>‘</span> <span class='ocrx_word' id='word_1_205' title='bbox 336 2542 401 2579; x_wconf 60' lang='grc' dir='ltr'>(ἑο</span> <span class='ocrx_word' id='word_1_206' title='bbox 422 2542 538 2594; x_wconf 81' lang='lat' dir='ltr'>hang</span> <span class='ocrx_word' id='word_1_207' title='bbox 558 2542 589 2581; x_wconf 70' lang='grc' dir='ltr'>ξ’</span> <span class='ocrx_word' id='word_1_208' title='bbox 745 2543 760 2567; x_wconf 84' lang='lat'>2</span> <span class='ocrx_word' id='word_1_209' title='bbox 792 2543 868 2582; x_wconf 80' lang='lat' dir='ltr'>the</span> <span class='ocrx_word' id='word_1_210' title='bbox 889 2544 1016 2594; x_wconf 72' lang='lat' dir='ltr'>point&gt;</span> <span class='ocrx_word' id='word_1_211' title='bbox 1036 2547 1162 2582; x_wconf 78' lang='lat' dir='ltr'>turns</span> <span class='ocrx_word' id='word_1_212' title='bbox 1184 2556 1240 2582; x_wconf 92' lang='lat' dir='ltr'>on</span> <span class='ocrx_word' id='word_1_213' title='bbox 1260 2543 1337 2583; x_wconf 74' lang='lat' dir='ltr'>the</span> <span class='ocrx_word' id='word_1_214' title='bbox 1356 2541 1517 2582; x_wconf 87' lang='lat' dir='ltr'>double</span> <span class='ocrx_word' id='word_1_215' title='bbox 1537 2542 1738 2593; x_wconf 84' lang='lat' dir='ltr'>meaning</span> <span class='ocrx_word' id='word_1_216' title='bbox 1759 2541 1805 2580; x_wconf 85' lang='lat' dir='ltr'>of</span> 
     </span>
     <span class='ocr_line' id='line_1_31' title="bbox 307 2595 1083 2649; baseline 0.004 -16"><span class='ocrx_word' id='word_1_217' title='bbox 307 2595 501 2647; x_wconf 69' lang='grc' dir='ltr'>ἀπόλλυμ</span> <span class='ocrx_word' id='word_1_218' title='bbox 551 2604 598 2637; x_wconf 78' lang='lat' dir='ltr'>to</span> <span class='ocrx_word' id='word_1_219' title='bbox 618 2596 799 2649; x_wconf 74' lang='lat' dir='ltr'>destroy</span> <span class='ocrx_word' id='word_1_220' title='bbox 819 2597 905 2636; x_wconf 81' lang='lat' dir='ltr'>and</span> <span class='ocrx_word' id='word_1_221' title='bbox 927 2604 973 2637; x_wconf 82' lang='lat' dir='ltr'>to</span> <span class='ocrx_word' id='word_1_222' title='bbox 994 2597 1083 2637; x_wconf 85' lang='lat' dir='ltr'>lose</span> 
     </span>
    </p>
   </div>
   <div class='ocr_carea' id='block_1_9' title="bbox 307 2683 399 2729">
    <p class='ocr_par' dir='ltr' id='par_1_9' title="bbox 307 2683 399 2729">
     <span class='ocr_line' id='line_1_32' title="bbox 307 2683 399 2729; baseline -0.043 0"><span class='ocrx_word' id='word_1_223' title='bbox 307 2683 399 2729; x_wconf 85' lang='lat'>374</span> 
     </span>
    </p>
   </div>
  </div>
 </body>
</html>
