1900 3072
782 170 867 216 LY
878 169 968 215 ΒΑ
1017 169 1296 216 GRAECA

289 300 502 357 τούτοις
531 299 691 369 δόξαν
720 298 950 370 ἔχοντας
972 298 1350 366 μετεπέμπετο
1381 298 1473 352 καὶ
1503 302 1785 368 προτιμῶν

288 373 483 430 αὐτοὺς
512 371 860 441 συνδιέτριβε
888 371 980 425 καὶ
1002 375 1109 425 τῶν
1132 373 1451 440 ποιημάτων
1478 371 1786 429 ἐπιστάτας

288 446 382 499 καὶ
436 444 734 513 διορθωτὰς
784 444 948 513 εἶχεν.
1042 443 1147 498 ὑπὸ
1201 445 1255 497 δὲ
1294 444 1501 498 τούτων
1552 443 1640 498 διὰ
1691 444 1788 501 τὰς

289 518 600 587 εὐεργεσίας
627 521 737 574 τοῖς
765 516 901 587 πρὸς
928 516 1094 587 χάριν
1125 516 1313 584 λόγοις
1339 515 1788 587 μετεωριζόμενος

288 593 566 661 ἐκαυχᾶτο
597 590 745 644 πολὺ
770 594 989 658 μᾶλλον
1014 590 1105 643 ἐπὶ
1139 594 1251 647 τοῖς
1284 589 1591 657 ποιήμασιν
1616 590 1650 657 ἢ
1677 594 1789 646 τοῖς

290 665 343 717 ἐν
398 664 623 734 πολέμῳ
684 662 1144 730 κατωρθωμένοις.
1238 665 1344 715 τῶν
1397 662 1452 715 δὲ
1509 661 1787 716 συνόντων

291 739 437 807 αὐτῷ
515 739 758 802 ποιητῶν
828 734 1122 803 Φιλόξενος
1194 733 1220 788 ὁ
1299 734 1786 805 διθυραμβοποιός,

289 809 551 879 μέγιστον
579 809 721 880 ἔχων
750 810 968 876 ἀξιωμα
995 831 1140 861 κατα
1167 830 1266 874 την
1301 808 1654 875 κατασκευὴν
1693 811 1790 862 τοῦ

292 882 428 936 ἰδίου
478 882 800 949 ποιήματος,
841 904 984 934 κατα
1036 880 1097 934 τὸ
1144 879 1458 949 συμπόσιον
1508 882 1789 948 ἀναγνωσ-

291 955 493 1008 θέντων
531 959 637 1008 τῶν
684 959 779 1007 τοῦ
824 954 1088 1023 τυράννου
1131 953 1452 1021 ποιημάτων
1495 956 1793 1044 μοχθηρῶν

293 1030 461 1082 ὄντων
488 1028 816 1097 ἐπηρωτηθη
844 1027 968 1096 περὶ
996 1030 1101 1080 τῶν
1124 1027 1445 1095 ποιημάτων
1466 1025 1588 1080 τίνα
1609 1025 1791 1097 κρίσιν

294 1102 429 1172 ἔχοι·
484 1099 925 1170 ἀποκριναμένου
954 1098 998 1151 δ’
1030 1101 1198 1153 αὐτοῦ
1226 1099 1789 1171 παρρησιωδέστερον,

295 1175 319 1226 ὁ
384 1174 480 1240 μὲν
537 1173 796 1242 τύραννος
855 1172 1194 1243 προσκόψας
1254 1177 1365 1230 τοῖς
1424 1173 1639 1242 ῥηθεῖσι
1698 1172 1792 1226 καὶ

294 1247 798 1315 καταμεμψάμενος
843 1246 927 1299 ὅτι
980 1244 1068 1297 διὰ
1110 1244 1313 1315 φθόνον
1357 1245 1790 1315 ἐβλασφημησε,

294 1319 605 1389 προσέταξε
650 1322 762 1376 τοῖς
814 1317 1109 1385 ὑπηρέταις
1152 1323 1525 1408 παραχρῆμα
1556 1319 1794 1386 ἀπάγειν

296 1393 367 1449 εἰς
419 1391 515 1449 τὰς
565 1391 853 1457 λατοαίας.
933 1396 999 1461 τῇ
1052 1389 1093 1442 δ’
1142 1390 1408 1464 ὑστεραία
1458 1393 1565 1444 τῶν
1616 1391 1796 1460 φίλων

295 1465 770 1535 παρακαλούντων
798 1463 1130 1532 συγγνώμην
1165 1464 1350 1517 δοῦναι
1385 1468 1459 1534 τῷ
1495 1463 1792 1532 Φιλοξένῳ,

297 1538 617 1606 διαλλαγεὶς
656 1538 802 1606 αὐτῷ
843 1538 1018 1590 παλιν
1060 1559 1185 1593 τους
1230 1536 1425 1593 αὐτοὺς
1469 1537 1796 1604 παρέλαβεν

295 1611 386 1664 ἐπὶ
425 1611 486 1663 τὸ
527 1609 859 1678 συμπόσ.ιον
938 1609 1336 1679 προβαίνοντος
1377 1609 1431 1662 δὲ
1471 1613 1567 1662 τοῦ
1602 1608 1792 1670 πότου,

296 1684 383 1737 καὶ
428 1685 601 1736 πάλιν
638 1687 733 1736 τοῦ
775 1682 1072 1735 Διονυσίου
1117 1682 1475 1752 καυχωμένου
1521 1682 1648 1752 περὶ
1688 1685 1795 1736 τῶν

297 1755 446 1809 ἰδίων
509 1756 848 1823 ποιημάτων,
903 1754 996 1807 καί
1045 1776 1196 1811 τινας
1254 1753 1486 1825 στίχους
1550 1759 1656 1808 τῶν
1709 1755 1792 1808 δο-

297 1829 534 1882 κούντων
585 1828 971 1898 ἐπιτετεῦχθαι
1018 1828 1503 1897 προενεγκαμένου,
1541 1827 1636 1881 καὶ
1674 1828 1794 1881 ἐπε-

297 1905 578 1992 ρωτῶντος
615 1901 796 1954 ‘Hchi
829 1900 951 1990 τινά
990 1923 1079 1954 σοι
1114 1902 1368 1970 φαίνεται
1405 1899 1475 1953 τὰ
1511 1900 1795 1968 ποιήματα

300 1975 606 2045 υπάρχειν·
591 2017 602 2036 ,
626 1973 813 2026 ’ἄλλο
839 1973 936 2041 μὲν
965 1973 1113 2026 οὐδὲν
1141 1972 1275 2034 εἷπε,
1296 1971 1420 2030 τοὺς
1446 1972 1493 2026 δ’
1523 1973 1797 2043 ὑπηρέτας

298 2052 394 2100 τοῦ
423 2045 717 2100 Διονυσίου
745 2046 1276 2116 προσκαλεσάμενος
1312 2044 1597 2099 ἐκέλευσεν
1631 2044 1797 2099 αὑτὸν

300 2122 612 2188 ἀπαγαγεῖν
650 2120 723 2175 εἷς
768 2118 864 2174 τὰς
905 2117 1193 2187 λατομίας.
1270 2117 1395 2171 τότε
1431 2118 1528 2187 μὲν
1568 2141 1660 2172 ουν
1707 2118 1796 2172 διὰ

301 2192 396 2259 τὴν
426 2191 795 2262 εὐτραπελίαν
823 2195 930 2244 τῶν
955 2191 1138 2259 λόγων
1155 2189 1488 2259 μειδιάσας”
1463 2215 1490 2244 ο
1512 2191 1797 2248 Διονύσιος

299 2288 491 2331 ηνεγκε
530 2264 626 2331 τὴν
665 2264 999 2334 παρρησίαν,
1036 2268 1132 2316 τοῦ
1171 2264 1409 2330 γέλωτος
1448 2263 1545 2331 τὴν
1583 2264 1798 2333 μέμψιν

302 2337 701 2406 ἀμβλύνοντος
747 2338 868 2404 μετ’
908 2335 1098 2404 ὀλίγου
1140 2336 1195 2388 δὲ
1235 2339 1341 2389 τῶν
1379 2335 1663 2405 γνωρίμων
1702 2336 1796 2403 ἅμ’

303 2410 507 2462 ἐκείνου
557 2410 647 2462 καὶ
702 2414 797 2463 τοῦ
849 2408 1140 2463 Διονυσίου
1197 2408 1648 2478 παραιτουμένων
1699 2408 1798 2475 τὴν

303 2482 531 2551 ἄκαιρον
591 2481 924 2550 παρρησίαν,
978 2481 1003 2534 ό
1068 2480 1363 2549 Φιλόξενος
1426 2479 1798 2549 ἐπηγγείλατο

303 2554 616 2624 παράδοξόν
662 2578 785 2607 τινα
830 2553 1184 2622 ἐπαγγελίαν.
1262 2554 1365 2624 ἔφη
1415 2553 1520 2624 γὰρ
1572 2554 1660 2607 διὰ
1705 2559 1799 2621 τῆς
