1900 3072
786 222 972 270 LYRA
1022 222 1302 270 GRAECA

334 358 551 425 τρητοῖς
579 355 632 408 ἐν
659 352 924 424 λεχέεσσι
948 352 1136 414 θέσαν,
1155 351 1308 421 παρὰ
1339 350 1381 404 δ’
1400 352 1556 405 εἷσαν
1584 352 1799 410 ἀοιδοὺς

333 429 568 519 θρήνων
572 428 855 498 ἐξάρχους,
886 425 944 478 οἱ
963 448 1022 479 τε
1051 424 1396 479 στονόεσσαν
1424 425 1613 492 ἀοιδὴν

336 524 376 553 οι
411 501 506 569 μὲν
535 499 618 571 ἄρ’
646 499 964 570 ἐθρήνεον,’
940 498 1030 552 επὶ
1060 499 1115 552 δὲ
1145 498 1484 569 στενάχοντο
1511 501 1777 567 (γυναῖκες.

365 599 423 645 Il.
455 599 527 647 18.
559 599 653 647 567
683 594 764 663 [π.
797 592 1034 650 ἀσπίδος
1063 597 1157 659 τῆς
1182 591 1543 665 Ἀχιλλέως]·

405 677 733 745 παρθενικαὶ
761 676 816 729 δὲ
844 677 936 728 καὶ
963 675 1139 742 ἠΐθεοι
1168 673 1356 728 ἀταλὰ
1383 673 1700 746 φρονέοντες

406 753 670 806 πλεκτοῖς
697 751 752 802 ἐν
779 749 1079 819 ταλάροισι
1102 748 1264 818 φέρον
1286 747 1547 815 μελιηδέα
1568 748 1799 816 καρπόν.

406 827 586 876 τοῖσιν
614 822 656 873 δ’
685 824 739 874 ἐν
766 822 1030 890 μέσσοισι
1060 822 1190 878 πάϊς
1220 820 1484 891 φόρμιγγι
1510 820 1691 892 λιγείῃ

404 894 611 965 ἱμερόεν
637 896 895 965 κιθάριζε,
923 893 1077 947 λίνον
1104 893 1145 946 δ’
1177 893 1282 946 ὑπὸ
1311 893 1487 946 καλὸν
1514 893 1658 947 ἄειδε

399 968 685 1037 λεπταλέῃ
715 972 886 1038 φωνῇ·
928 968 1011 1020 τοὶ
1042 966 1097 1020 δὲ
1123 967 1427 1036 ῥήσσοντες
1455 967 1672 1037 ἁμαρτῇ

403 1046 594 1111 μολπῇ
624 1040 667 1093 τ’
698 1041 870 1110 ἰυνγμῷ
899 1063 958 1093 τε
986 1040 1123 1092 ποσὶ
1155 1038 1473 1110 σκαίροντες
1501 1040 1719 1094 ἕποντο.

365 1140 478 1188 Sch.
510 1139 571 1185 acl
598 1138 678 1185 loc.
710 1133 886 1203 [λίνον
917 1133 959 1185 δ’
988 1133 1096 1186 ὑπὸ
1123 1131 1298 1186 καλὸν
1326 1132 1510 1203 ἄειδε]·
1548 1176 1559 1187 .
1595 1176 1605 1187 .
1637 1175 1648 1187 .
1681 1133 1801 1188 ἀντὶ

296 1212 393 1262 τοῦ
421 1206 519 1273 τὴν
545 1206 637 1259 ἐπὶ
665 1207 813 1277 Λίνῳ
841 1211 915 1276 τῷ
937 1205 1294 1263 Ἀπόλλωνος
1320 1205 1474 1259 παιδὶ
1507 1205 1663 1277 ᾠδήν,
1686 1207 1801 1260 ὄντι

299 1279 474 1349 νηπίῳ
516 1280 605 1332 καὶ
652 1278 759 1333 ὑπὸ
804 1283 978 1332 κυνῶν
1024 1283 1353 1346 ποιμενικῶν
1393 1279 1801 1333 διασπασθέντι

297 1376 563 1444 πρῳτην
547 1352 862 1405 αἷσθεῖσαν.
896 1394 906 1405 .
938 1350 1001 1405 ,ὁ
1033 1351 1088 1404 δὲ
1115 1350 1531 1423 Ἀρίσταρχος.
1612 1352 1803 1420 ,Ὑένος

299 1450 351 1480 τι
380 1428 546 1493 ὕμνου
576 1424 667 1478 τὸν
695 1425 864 1487 λίνον,
896 1424 1086 1495 ὥσπερ
1109 1424 1155 1478 εἰ
1183 1425 1341 1493 ἔλεγε
1377 1429 1588 1478 παιᾶνα
1616 1424 1799 1496 ᾐδεν”
1767 1450 1801 1493 η

298 1522 350 1554 τι
379 1503 641 1552 τοιοῦτον.

368 1598 539 1644 Callix.
585 1615 661 1660 ap.
704 1596 826 1643 A.th
877 1598 920 1644 5.
970 1596 1105 1643 1993
1156 1591 1239 1661 [π.
1293 1590 1391 1659 τὴν
1440 1589 1802 1681 Φιλαδέλφου

299 1665 569 1734 πομπήν]·
638 1665 877 1717 ἐπάτουν
936 1662 992 1717 δὲ
1045 1663 1310 1732 ἑξήκοντα
1364 1659 1603 1734 Σάτυροι
1667 1663 1802 1734 πρὸς

299 1737 473 1792 αὐλὸν
535 1736 754 1810 δίδοντες
803 1736 968 1802 μέλος
1017 1737 1319 1804 ἐπιλήνιον,
1374 1737 1691 1807 ἐφειστήκει
1757 1736 1803 1789 δ’

301 1813 487 1868 αὐτοῖς
525 1793 772 1875 Σιληνός.

367 1909 526 1972 Long
555 1909 684 1955 Pas-,t
714 1909 756 1956 2.
787 1908 850 1957 35
922 1901 1017 1956 καὶ
1055 1906 1248 1956 πᾶσαν
1276 1902 1475 1974 τέχνην
1503 1902 1802 1957 ἐπιδεικνύ-

299 1999 456 2045 μενος
508 1974 757 2043 εὐνομίας
807 1980 1077 2043 μουσικῆς
1141 1975 1435 2047 ἐσύριττεν,
1485 1976 1597 2030 οἷον
1653 1979 1805 2044 βοῶν

301 2049 475 2119 ἀτγέλῃ
528 2049 757 2118 πρέπον,
812 2048 925 2101 οἷον
989 2048 1232 2119 αἰπολίῳ
1297 2049 1637 2120 πρόσφορον,
1689 2049 1803 2103 οἷον

302 2121 560 2189 ποίμναις
600 2120 785 2192 φίλον.

373 2223 498 2272 Ibid.
529 2224 592 2272 36
665 2217 847 2286 Δρύας
869 2217 975 2271 δὲ’
947 2217 1196 2275 αναστὰς
1216 2218 1308 2272 καὶ
1330 2217 1595 2276 κελεύσας
1617 2217 1803 2285 συρίτ-

303 2313 414 2344 τειν
442 2290 809 2344 Διονυσιακὸν
836 2290 1002 2358 μέλος
1039 2292 1322 2358 ἐπιλήνιον
1357 2291 1543 2348 αὐτοῖς
1569 2292 1805 2362 ὄρχησιν

305 2364 621 2434 ὠρχήσατο.
699 2363 792 2416 καὶ
835 2363 989 2434 ε’ςίκει
1034 2364 1170 2417 ποτὲ
1211 2364 1309 2432 μὲν
1345 2367 1631 2435 τρυγῶντι,
1669 2364 1806 2418 ποτὲ

305 2437 360 2489 δὲ
388 2435 610 2506 φέροντι
643 2436 920 2506 ἀρρίχους,
952 2436 1071 2489 εἶτα
1110 2441 1380 2490 πατοῦντι
1420 2435 1544 2494 τοὺς
1580 2435 1802 2507 βότρυς,

357 2566 373 2590 1
404 2578 559 2617 grapes
726 2566 742 2589 ²
772 2579 818 2604 ογ
838 2578 944 2618 sang
966 2565 1011 2605 of
1032 2565 1107 2605 the
1128 2566 1213 2605 fair
1234 2566 1369 2606 Linus
1532 2566 1550 2591 ³
1581 2564 1803 2618 Thornley

302 2622 365 2668 (as
387 2619 558 2659 revised
579 2620 625 2659 in
645 2619 722 2659 ‘che
746 2619 792 2661 L.
803 2619 923 2669 C.L.)

303 2703 398 2748 492
