1900 3072
783 234 971 281 LYRA
1021 235 1302 281 GRAECA

285 364 581 432 ταξάμενοι
609 367 716 417 τῶν
742 363 1096 433 ἀποφράδων,
1128 363 1249 416 ἀντὶ
1283 363 1338 417 δὲ
1374 369 1786 433 νουμηνιαστῶν

283 436 781 503 κακοδαιμονιστὰς
823 435 1022 504 σφίσιν
1058 437 1243 494 αὐτοῖς
1280 438 1518 505 τοῦνομα
1557 437 1783 504 θέμενοι,

285 508 496 579 πρέπον
532 509 629 577 μὲν
664 513 785 567 ταῖς
819 511 997 562 αὐτῶν
1026 509 1238 581 τύχαις·
1281 511 1343 562 οὐ
1374 510 1481 578 μὴν
1519 511 1588 567 ὡς
1624 515 1786 564 τοῦτο

285 582 710 651 διαπραξόμενοι
783 582 882 648 τὴν
955 582 1196 635 διάνοιαν
1264 582 1451 654 ἔσχον,
1520 584 1786 642 ἀλλ’ὡς

285 658 696 722 καταγελῶντες
754 659 860 708 τῶν
936 655 1069 707 θεῶν
1127 654 1219 708 καὶ
1278 659 1384 708 τῶν
1444 654 1622 724 νόμων
1678 659 1785 710 τῶν

285 727 570 796 ὑμετέρων,
662 727 876 782 ἐκείνων
932 727 1031 795 μὲν
1081 727 1172 780 οὖν
1231 727 1463 785 ἕκαστος
1526 729 1782 782 ἀπώλετο

284 799 473 891 ὥσπερ
511 799 649 858 εἰκὸς
683 800 807 857 τοὺς
844 799 1140 856 τοιούτους.
1221 804 1412 854 τοῦτον
1450 800 1504 853 δὲ
1546 800 1639 854 τὸν
1676 800 1782 854 ὑπὸ

283 871 566 926 πλείστων
612 872 1052 943 «γιγνωσκόμενον
1090 872 1140 926 οἱ
1180 872 1291 925 θεοὶ
1328 874 1496 930 οὕτως
1533 873 1784 927 διέθεσαν

283 945 427 998 ὥστε
463 945 587 1003 τοὺς
622 945 853 1016 ἐχθροὺς
885 944 1197 1010 βούλεσθαι
1232 943 1401 998 αὐτὸν
1443 947 1535 1011 ζῆν
1563 950 1786 1015 μᾶλλον

284 1019 316 1107 ᾖ
363 1019 617 1072 τεθνάναι
660 1017 1014 1087 παράδειγμα
1052 1022 1164 1074 τοῖς
1211 1017 1478 1079 ἄλλοις,
1466 1016 1527 1072 ιν’
1567 1018 1786 1073 εἰδῶσιν

282 1093 366 1144 ὅτι
395 1096 505 1149 τοῖς
530 1090 660 1144 λίαν
683 1092 1019 1161 ὑβριστικῶς
1039 1089 1174 1159 πρὸς
1197 1089 1266 1144 τὰ
1289 1092 1409 1144 θεῖα
1431 1090 1785 1159 διακειμένοις

283 1165 379 1217 οὐκ
426 1164 499 1221 εἰς
545 1164 668 1222 τοὺς
710 1163 912 1222 παῖδας
955 1162 1316 1216 ἀποτίθενται
1363 1163 1458 1221 τὰς
1505 1164 1783 1236 τιμωρίας,

283 1236 411 1289 ἀλλ’
478 1236 674 1294 αὐτοὺς
741 1240 920 1294 κακῶς
981 1235 1352 1297 ἀπολλύουσι,
1413 1236 1626 1301 μείζους
1689 1237 1783 1290 καὶ

281 1309 682 1403 χαλεπωτέρας
718 1309 814 1363 καὶ
856 1308 951 1366 τὰς
995 1308 1282 1379 συμφορὰς
1322 1309 1414 1362 καὶ
1458 1308 1554 1368 τὰς
1592 1308 1786 1367 νόσους

281 1383 561 1439 <αὐτοῖς>
580 1384 610 1449 ἢ
631 1387 744 1440 τοῖς
763 1382 957 1439 ἄλλοις
974 1382 1281 1452 ἀνθρώποις
1301 1384 1784 1450 προσβάλλοντες.

282 1455 342 1508 τὸ
388 1455 486 1523 μὲν
527 1454 634 1525 «γὰρ
674 1456 974 1508 ἀποθανεῖν
1014 1479 1046 1520 ⁷7
1091 1458 1282 1522 καμεῖν
1324 1453 1557 1523 νομίμως
1603 1455 1783 1509 κοινὸν

281 1529 411 1595 ἡμῖν
449 1527 663 1581 ἅπασίν
703 1529 840 1589 ε’στι,
878 1528 939 1581 τὸ
983 1527 1024 1580 δ’
1067 1529 1236 1584 οὕτως
1273 1527 1476 1598 ἔχοντα
1517 1532 1784 1581 τοσοῦτον

281 1600 478 1672 χρόνον
520 1601 789 1654 διατελεῖν
829 1601 923 1654 καὶ
965 1600 1085 1652 καθ’
1127 1600 1367 1665 ἑκάστην
1395 1601 1604 1670 ἡμέραν
1644 1601 1780 1654 ἀπο-

281 1673 596 1744 θνῄσκοντα
653 1673 726 1742 μὴ
781 1673 1053 1727 δύνασθαι
1105 1677 1437 1739 τελευτῆσαι
1498 1696 1592 1727 τον
1653 1672 1783 1736 βίον

282 1746 496 1804 τούτοις
539 1746 719 1809 μόνοις
774 1746 1044 1811 προσήκει
1089 1750 1202 1802 τοῖς
1248 1744 1315 1797 τὰ
1366 1749 1596 1799 τοιαῦτα
1641 1746 1783 1815 ἅπερ

282 1842 436 1877 ουτος
479 1817 951 1889 ἐξημαρτηκόσιν.’
1045 1818 1170 1889 περὶ
1215 1817 1313 1886 μὲν
1365 1818 1455 1871 οὖν
1512 1817 1780 1884 Κινησίου

282 1897 457 1946 ταῦτα
487 1891 511 1945 ὁ
540 1892 718 1962 ῥητωρ
746 1893 973 1961 εἴρηκεν.

350 2013 575 2075 Apostol
616 2012 826 2058 Parssoem
872 2011 956 2061 (Jr
994 2013 1035 2058 2
1076 2012 1171 2059 652
1243 2005 1313 2060 τὰ
1355 2007 1622 2073 Κινησίου
1663 2007 1781 2081 δρᾶ·

281 2082 374 2134 επὶ
401 2083 507 2132 τῶν
532 2082 818 2148 μαλακῶν·
861 2082 1104 2135 τοιοῦτος
1131 2077 1241 2149 «γὰρ
1269 2079 1294 2133 ὁ
1326 2079 1652 2146 Κινησίαςφ
1624 2103 1706 2146 ην.

352 2198 479 2245 Plut.
509 2197 630 2244 ml.
660 2198 789 2244 Poet
818 2196 878 2246 41
955 2193 1198 2262 Τιμοθέῳ
1226 2193 1325 2261 μὲν
1344 2193 1486 2265 «γὰρ
1472 2193 1656 2247 ἅδοντι
1685 2193 1782 2260 τὴν

286 2266 551 2335 ’Ἀρτεμιν
583 2264 636 2317 ἐν
666 2269 739 2333 τῷ
770 2264 1021 2335 θεάτρῳ(
1038 2266 1277 2332 μαινάδα
1299 2267 1498 2319 θυιάδα
1535 2266 1782 2334 φοιβάδα

278 2336 570 2390 λυσσάδα’
635 2336 903 2402 Κινησίας
964 2338 1387 2408 ἀντεφώνησε(
1407 2340 1634 2405 τοιαύτη
1687 2361 1778 2392 σοι

282 2410 528 2478 θυγάτηρ
567 2409 810 2476 Ὑένοιτο.’

795 2545 811 2568 ¹
840 2545 893 2586 cf.
920 2545 986 2587 Id.
1011 2544 1197 2596 Βαβαῖ-εἴ.
1227 2548 1276 2586 10

280 2685 374 2740 264
