1900 3072
825 201 1011 247 LYRA
1061 201 1338 248 GRAECA

380 397 567 438 Aristid.
590 399 628 438 2.
654 399 734 438 513
1046 332 1110 380 88

327 474 423 526 φέρε
446 475 493 521 δὴ
516 475 579 514 καὶ
601 477 731 514 ταῦτα
752 474 957 524 ἐξέτασον·

402 550 435 602 ἁ
478 552 687 603 Μοῦσα
730 549 836 620 ιγὰρ
874 551 970 602 οὐκ
1010 549 1231 620 ἀπόρως
1274 550 1419 619 Ὑεύει
1458 550 1521 604 τὸ
1563 550 1741 622 παρὸν

542 622 722 691 μόνον,
753 623 886 675 ἀλλ’
913 623 1208 695 ἐπέρχεται

401 697 586 748 πάντα
615 696 950 766 θεριζομένα,

323 792 436 830 τοῦτ’
459 793 502 829 οὐ
525 793 634 829 δοκεῖ
653 805 717 829 σοι
739 793 758 829 ὁ
779 791 948 836 ποιητὴς
971 791 1094 829 αὑτὸν
1123 792 1293 831 ἐπαινῶν
1321 791 1465 841 λέγειν
1495 793 1545 832 ὥς
1573 789 1741 842 ’γόνιμον
1763 793 1828 831 καὶ

326 844 492 896 πόριμον
514 845 570 885 εἷς
591 846 642 884 τὰ
662 844 797 894 μέλπῃ
826 845 868 884 τί
889 846 919 884 δ’
943 847 1102 885 ἐπειδὰν
1123 846 1230 898 λέγῃ

538 920 613 986 μή
639 943 732 989 μοι
761 920 1121 982 καταπαύετ’,
1149 920 1376 992 ἐπείπερ
1405 921 1609 992 ἤρξατο

547 995 932 1061 τερπνοτάτων
960 994 1171 1061 μελέων

546 1065 571 1120 ὁ
601 1065 920 1129 καλλιβόας
947 1065 1300 1138 πολύχορδος
1327 1065 1535 1124 ammo}

1044 1183 1106 1230 89

379 1271 464 1321 Ap.
488 1270 624 1323 Tyan.
652 1271 727 1321 Ep.
757 1272 820 1313 73.
845 1271 924 1313 407
985 1271 1184 1322 Ἑστιαίαν
1218 1271 1408 1320 πατρίδος
1440 1269 1564 1321 ἐσμὲν
1595 1270 1829 1323 πορρωτέρω

327 1326 401 1364 σὺν
423 1327 595 1374 δαίμονι,
622 1328 699 1373 ἤδη
721 1325 762 1365 δὲ
785 1326 836 1364 τὰ
857 1328 929 1373 τῆς
950 1325 1111 1366 πόλεως
1131 1326 1349 1379 πράγματα
1370 1329 1411 1365 ἐν
1433 1331 1484 1377 νῷ
1507 1324 1727 1376 ἐβαλόμαν·

583 1399 756 1454 ὁδεύει
785 1403 977 1471 Μοῖρα
1006 1401 1143 1471 πρὸς
1172 1401 1331 1458 τέλος
1358 1400 1569 1470 ἀνδρῶν

579 1474 632 1526 οἳ
660 1472 759 1527 τὰν
786 1473 1011 1543 πρώταν
1039 1474 1359 1545 λελόγχασι
1387 1474 1565 1542 τιμάν

323 1567 429 1619 ἄρξει
463 1568 503 1607 δὲ
534 1569 582 1607 τὸ
612 1569 754 1607 λοιπὸν
785 1567 970 1618 παιδάρα
1003 1570 1065 1608 καὶ
1099 1569 1239 1620 μικρὸν
1271 1567 1402 1608 ἐπάνω
1435 1568 1593 1608 τούτων
1623 1567 1822 1618 μείρακες.

323 1622 493 1663 ἐνταῦθά
514 1640 590 1662 που
612 1621 712 1671 δέος,
737 1624 790 1672 μὴ
814 1627 952 1676 σφαλῇ
975 1624 1026 1662 τὰ
1051 1625 1124 1663 ὑπὸ
1157 1624 1257 1663 νέων
1287 1624 1582 1677 κυβερνώμενα.
1643 1623 1706 1664 σοὶ
1728 1625 1762 1663 δ’
1783 1624 1829 1666 οὐ

323 1677 425 1727 δέος,
450 1679 535 1717 ἐπεὶ
561 1680 827 1727 βεβιώκαμεν.

1045 1811 1107 1857 90

376 1897 494 1937 Plub.
519 1911 588 1950 ap.
616 1897 737 1938 Stob.
765 1899 853 1938 Ecl.
882 1899 917 1937 1.
943 1899 979 1938 5.
1011 1899 1059 1937 19
1117 1899 1165 1937 τὸ
1185 1898 1264 1949 γὰρ
1285 1896 1521 1949 εἱμαρμένον
1543 1898 1744 1950 ἄτρεπτον
1763 1899 1827 1938 καὶ

323 1953 601 2004 ἀπαράβατον,

613 2007 805 2078 χῶπερ
832 2006 996 2074 μόνον
1027 2006 1227 2077 ὀφρύσι
1259 2005 1424 2077 νεύσῃ

615 2080 851 2150 καρτέρα
882 2080 1056 2149 τούτῳ
1087 2079 1359 2132 κέκλωστ’
1387 2080 1620 2148 ἀνάγκα.

929 2196 1007 2253 91,
1040 2197 1118 2253 92,
1149 2196 1211 2242 93

376 2284 512 2323 Arist.
539 2283 618 2322 Bk.
641 2284 677 2323 3.
697 2284 721 2323 8
772 2285 863 2322 ἐστι
885 2281 927 2322 δὲ
947 2286 1113 2323 παιᾶνος
1134 2281 1203 2321 δύο
1225 2285 1309 2329 εἴδη
1330 2282 1585 2331 ἀντικείμενα
1604 2281 1823 2331 ἀλλήλοις,

325 2337 377 2377 ὧν
397 2339 445 2377 τὸ
465 2338 538 2387 μὲν
556 2338 597 2378 ἓν
618 2339 723 2390 ἀρχῇ
748 2336 949 2390 ἁρμόττει,
978 2339 1112 2389 ὥσπερ
1133 2338 1196 2378 καὶ
1218 2342 1408 2389 χρῶνται·
1442 2336 1560 2378 οὗτος
1592 2340 1625 2376 δ’
1646 2337 1761 2377 ἐστὶν
1782 2336 1825 2377 οὗ

324 2393 439 2444 ἄρχει
461 2393 535 2442 μὲν
555 2394 578 2440 ἡ
601 2393 745 2444 μακρά,
770 2397 997 2432 τελευτῶσι
1021 2393 1062 2432 δὲ
1083 2396 1191 2445 τρεῖς
1212 2397 1416 2444 βραχεῖαι·

379 2488 393 2512 ¹
424 2489 461 2527 B
499 2489 613 2539 joins
654 2488 730 2528 the
779 2494 868 2528 two
915 2489 1172 2541 fragments,
1223 2487 1345 2540 prob.
1399 2486 1567 2540 rightly
1615 2487 1703 2536 (for
1749 2487 1825 2527 the

322 2543 624 2595 anticipatory
653 2556 729 2582 use
759 2544 803 2582 of
837 2543 914 2594 γάρ
945 2543 999 2582 cf.
1036 2544 1194 2583 Anaer.
1234 2544 1283 2583 31
1320 2541 1407 2582 and
1440 2542 1557 2591 106);
1590 2541 1825 2582 otherwise

323 2614 576 2701 Ξῗζζπςὲιὲῐτε
598 2598 677 2636 has
698 2611 752 2636 no
773 2598 881 2649 objt.
1013 2598 1028 2622 2
1061 2611 1146 2637 mss
1167 2597 1254 2637 add
1274 2598 1336 2637 καὶ
1357 2594 1594 2649 πεπρωμένη
1615 2595 1748 2649 (gloss
1768 2609 1825 2636 on

324 2709 421 2770 458
