1900 3072
759 184 942 229 LYRA
994 184 1273 231 GRAECA

337 318 403 370 A.
447 314 730 379 ’βολβοὺς
774 312 873 380 μὲν
919 312 1127 385 σποδιᾷ
1175 312 1431 380 δαμάσας
1479 314 1762 388 καταχύσ-

516 409 650 457 ματι
679 385 875 443 δεύσας

354 475 405 514 10
445 463 513 518 ὡς
578 458 880 516 πλείστους
946 457 1228 528 διάτρωγε·
1310 457 1371 512 τὸ
1430 457 1538 529 γὰρ
1606 459 1769 528 δέμας

518 533 702 602 ἀνέρος
731 531 922 601 ὀρθοῖ.1

427 608 521 660 καὶ
575 605 702 658 τάδε
752 604 849 672 μὲν
901 604 965 671 δὴ
1019 607 1214 657 ταῦτα·
1281 605 1578 671 θαλάσσης
1626 604 1670 658 δ’
1715 606 1768 664 ἐς

516 676 655 732 τέκν’
685 677 909 743 ἅπειμι.’

259 789 376 842 εἶτα
403 786 541 856 μετὰ
566 785 777 856 μικρόν·

444 893 599 947 ὀὐδὲ
650 890 833 949 λοπὰς
888 890 1056 945 κακόν
1117 892 1286 945 ἐστιν·
1360 891 1502 962 ἀτὰρ
1557 891 1619 945 τὸ
1674 893 1765 946 τά-

516 988 682 1035 γηνον
709 965 965 1033 ἄμεινον·’
985 965 1005 996 ²

259 1077 352 1130 καὶ
378 1074 494 1143 μετ’
522 1073 707 1142 ὀλίγα·

447 1182 663 1252 ίὀρφὼν
690 1181 910 1234 αἰολίαν
938 1178 1239 1232 συνόδοντά
1266 1202 1324 1232 τε
1351 1181 1665 1250 καρχαρίαν
1691 1203 1750 1233 τε

444 1255 518 1323 μὴ
564 1253 786 1322 τέμνειν,
833 1276 905 1321 μη
955 1275 1045 1306 σοι
1093 1252 1305 1321 νέμεσις
1361 1251 1545 1306 θεόθεν
1597 1275 1764 1307 κατα·

517 1327 747 1395 πνεύσῃ,

445 1401 575 1453 ἀλλ’
608 1400 739 1452 ὅλον
780 1398 1032 1465 ὀπτήσας
1072 1398 1334 1468 παράθες·
1412 1396 1628 1452 πολλὸν
1659 1398 1767 1469 γὰρ

517 1473 747 1540 ἄμεινον.

446 1544 796 1602 πουλύποδος
834 1543 1049 1611 πλεκτὴ
1093 1542 1153 1604 δ’,
1194 1542 1260 1610 ἢν
1301 1543 1584 1612 πιλήσῃς3
1623 1542 1767 1597 κατὰ

517 1617 723 1689 καιρόν,

340 1693 402 1745 5b
443 1691 581 1763 ἑφθὴ
658 1696 753 1757 τῆς
830 1689 1017 1756 ὀπτῆς,
1083 1689 1148 1756 ἢν
1223 1687 1254 1758 ᾖ
1328 1687 1540 1755 μείζων,
1617 1689 1767 1743 πολὺ

517 1762 792 1834 κρείττων,

445 1837 509 1905 ἢν
536 1837 701 1890 ὀπταὶ
737 1835 791 1887 δὲ
822 1833 897 1887 δύ’
927 1834 1039 1894 ὠσ,
1071 1835 1209 1904 ἑφθῇ
1239 1834 1452 1888 κλαίειν
1478 1833 1744 1905 ἀγόρευε.4

445 1908 643 1978 τρίγλη
706 1907 903 1960 δὀὐκ
973 1907 1146 1960 ἐθέλει
1213 1907 1411 1976 νεύρων
1475 1907 1767 1976 επιήρανος

512 1981 666 2035 εἶναι·

442 2053 719 2124 παρθένου
745 2051 1064 2123 Ἀρτέμιδος
1104 2051 1210 2122 γὰρ
1245 2052 1348 2123 ἔφυ
1381 2052 1472 2105 καὶ
1507 2051 1764 2121 στύματα

536 2131 702 2194 μισεῖ.

443 2199 709 2268 σκορπίος
744 2198 815 2251 αὖ
1030 2200 1090 2250 Β.
1167 2196 1386 2251 παίσειέ
1425 2196 1489 2266 γέ
1528 2219 1631 2250 σου
1671 2197 1765 2251 τὸν

516 2271 769 2340 πρωκτὸν
798 2270 1070 2324 ὑπελθών.
1076 2269 1088 2286 ’

261 2386 372 2441 ἀπὸ
413 2385 608 2439 τούτου
649 2389 745 2439 τοῦ
773 2386 1076 2453 Φιλοξένου
1113 2385 1208 2438 καὶ
1247 2381 1592 2452 Φιλοξένειοί
1625 2405 1764 2442 τινες

260 2463 604 2515 πλακοῦντες
646 2457 1068 2523 ὠνομάσθησαν-
1131 2456 1259 2527 περὶ
1287 2454 1484 2509 τούτου
1511 2455 1763 2525 Χρύσιπ·

261 2532 363 2589 πός
414 2537 605 2602 φησιν·
685 2539 697 2559 ‘
717 2529 862 2597 Ἐγὼ
903 2529 1122 2600 κατέχω
1165 2528 1288 2582 τινὰ
1334 2528 1631 2598 ὀψοφάγον
1672 2527 1764 2580 ἐπὶ

261 2629 355 2689 346
