1900 3072
770 539 1215 592 AIKTMNIOT

928 653 1055 710 Βίος

313 760 462 806 Arist.
513 760 602 806 Rlz.
655 763 700 809 3.
753 760 831 808 12.
879 760 1006 807 1413
1042 759 1074 803 b
1151 753 1535 820 βαστάζονται
1587 753 1644 806 δὲ
1694 752 1748 806 οἱ

240 829 662 899 ἀναγνωστικοί,
687 830 800 883 οἷον
822 828 1122 898 Χαιρήμων
1151 826 1408 897 (ἀκριβὴς
1428 826 1535 895 γὰρ
1556 825 1745 896 ὥσπερ

238 904 612 974 λογογράφος)
645 904 735 956 καὶ
763 901 1056 969 Λικύμνιος
1084 904 1191 954 τῶν
1219 900 1727 970 διθυραμβοποιῶν.

317 1018 442 1064 Ibid.
485 1022 528 1067 3.
571 1022 613 1066 2.
654 1019 780 1066 1405
806 1019 838 1064 1)
915 1016 1124 1072 κάλλος
1155 1015 1210 1067 δὲ
1238 1013 1502 1082 ὀνόματος
1537 1011 1597 1066 τὸ
1632 1011 1746 1079 μέν,

245 1088 435 1159 ὥσπερ
489 1087 784 1157 Λικύμνιος
834 1088 1003 1156 λέγει,
1058 1089 1112 1140 ἐν
1159 1092 1272 1145 τοῖς
1325 1087 1537 1158 ψόφοις
1587 1086 1618 1153 ἢ
1671 1089 1746 1154 τῷ

245 1162 642 1232 σημαινομένῳ,
672 1161 764 1214 καὶ
790 1161 993 1232 αἶσχος
1022 1160 1076 1214 δὲ
1106 1159 1384 1217 ὡσαύτως.

319 1277 443 1323 Ibid.
474 1280 515 1325 3.
549 1279 623 1326 13.
655 1278 838 1325 14141)
915 1274 996 1327 δεῖ
1031 1274 1088 1327 δὲ
1125 1273 1260 1330 ειδός
1290 1297 1341 1327 τι
1380 1272 1616 1342 λέγοντα
1654 1271 1749 1326 καὶ

249 1347 564 1418 διαφορὰν’
546 1348 716 1415 ὄνομα
743 1348 1014 1401 τίθεσθαι·
1059 1348 1104 1400 εἰ
1141 1348 1196 1401 δὲ
1230 1348 1323 1416 μή,
1351 1346 1563 1438 γίνεται
1599 1344 1753 1399 κενὸν

247 1423 341 1475 καὶ
378 1421 634 1489 ληρῶδες,
677 1421 789 1474 οἷον
829 1420 1125 1488 Λικύμνιος
1167 1425 1315 1474 ποιεῖ
1353 1421 1408 1473 ἐν
1453 1424 1518 1489 τῇ
1566 1417 1750 1490 τέχνῃ,

248 1493 541 1564 ἐπόρουσιν
569 1495 845 1563 ὀνομάζων
873 1495 964 1546 καὶ
993 1494 1396 1560 ἀποπλάνησιν
1425 1494 1515 1545 καὶ
1543 1493 1712 1558 ὄζους.

322 1609 432 1655 Sch.
480 1610 542 1655 acl
583 1609 661 1656 loc.
710 1608 894 1674 (Rabe)
971 1608 1075 1676 (α’)
1116 1607 1229 1660 ἀπο
1269 1611 1377 1660 τῶν
1417 1606 1752 1676 διθυραμβο-

249 1682 421 1734 ποιῶν
459 1679 751 1750 ἀκριβὴς
727 1703 786 1746 ην
822 1681 1175 1751 λογογράφος
1207 1679 1232 1734 ὁ
1273 1680 1586 1747 Λικύμνιος.
1642 1678 1753 1746 (β’)

251 1753 275 1805 ὁ
317 1753 611 1818 Λικύμνιος
638 1753 820 1824 ῥητωρ
860 1776 943 1819 ην·
1000 1752 1097 1810 τὰς
1135 1753 1524 1823 ἐπαναλήψεις
1564 1751 1751 1819 ἔλεγεν

251 1827 449 1883 ἐκεῖνος
487 1826 823 1894 ἐπορούσεις.

328 1941 449 1988 Plat.
479 1941 678 1987 Phaedr.
710 1942 803 1990 267
830 1943 862 1987 b
918 1940 993 2007 [π.
1015 1941 1348 2010 ῥητορικῆς]·
1388 1939 1456 1992 τὰ
1475 1939 1529 1992 δὲ
1549 1937 1755 1992 Πώλου

253 2017 368 2069 πῶς
407 2012 691 2082 φράσομεν
729 2013 799 2065 αὖ
837 2017 1072 2081 μουσεῖα
1111 2014 1312 2081 λόγων,
1354 2014 1423 2069 ὡς
1462 2011 1755 2065 διπλασιο-

252 2084 450 2153 λογιαν
477 2084 571 2137 καὶ
599 2085 983 2153 γνωμολογίαν
1011 2086 1104 2139 καὶ
1143 2084 1534 2154 εἰκονολογίαν,
1564 2083 1754 2152 ὀνομά-

254 2181 362 2210 των
406 2180 463 2210 τε
505 2159 908 2225 Λικυμνιείων,1
951 2159 985 2211 ἃ
1031 2158 1213 2230 ἐκεινῳ
1256 2158 1573 2228 ἐδωρήσατο
1617 2155 1757 2226 πρὸς

255 2253 481 2296 ποιησιν
508 2229 794 2291 εὐεπειας,·

748 2364 763 2388 ²
793 2366 878 2405 Ast
898 2383 905 2406 2
941 2379 1027 2406 mss
1046 2367 1270 2417 Λικυμνίων

315 2556 331 2580 ²
360 2570 406 2595 or
425 2556 469 2595 of
490 2557 694 2627 sp'eeches
715 2558 779 2607 (as
801 2571 856 2597 an
877 2557 1109 2610 advocate)
1235 2558 1251 2582 2
1280 2558 1530 2610 Thompson
1548 2572 1557 2596 :
1588 2555 1617 2596 J
1622 2558 1760 2595 owe‘cb

266 2612 274 2629 ‘
288 2612 526 2650 treasuries

263 2695 358 2741 334
