1900 3072
860 619 1260 670 ΠΟΛΤΙΔΟΤ

990 741 1119 799 Βίος

367 868 544 919 RIarm.
571 870 684 917 Par.
716 872 775 918 68
850 865 942 936 ἀφ’
972 866 1035 919 οὗ
1064 865 1338 924 Πολύϊδος
1380 862 1806 935 Σηλυμβριανὸς

301 941 624 1013 διθυράμβῳ
695 942 940 1011 ἐνίκησεν
1013 945 1312 1013 Ἀθήνησιν
1377 945 1470 1011 ἔτη
1539 946 1704 1017 ΗΔ[.
1740 985 1754 999 .
1793 984 1804 997 .

299 1021 569 1094 ἄρχοντος
597 1024 864 1091 Ἀθήνησι
909 1065 1255 1079 .......
1275 1026 1294 1092 ]

367 1137 514 1185 Diod.
545 1138 641 1189 Sic.
673 1139 746 1185 14.
777 1140 839 1185 46

369 1250 498 1298 Plut.
528 1250 654 1299 DIus.
685 1254 744 1300 21
819 1247 1065 1301 καθόλου
1096 1249 1138 1301 δ’
1160 1249 1209 1302 εἴ
1233 1271 1314 1307 τις
1342 1251 1415 1319 τῷ
1441 1248 1515 1316 μὴ
1552 1249 1802 1320 χρῆσθαι

298 1324 715 1395 τεκμαιρόμενος
761 1329 1183 1396 καταγνώσεται
1226 1331 1334 1381 τῶν
1384 1327 1457 1397 μὴ
1505 1328 1800 1400 χρωμένων

298 1403 541 1472 ἄγνοιαν,
593 1411 825 1460 πολλῶν
877 1408 942 1461 ἄν
993 1431 1075 1465 τις
1126 1408 1327 1478 φθάνοι
1393 1408 1485 1461 καὶ
1537 1410 1645 1461 τῶν
1710 1411 1801 1461 νῦν

296 1486 787 1553 καταγιγνώσκων·
831 1488 961 1549 οἷον,
1009 1491 1115 1542 τῶν
1160 1487 1258 1556 μὲν
1303 1487 1657 1558 Δωριωνείων
1704 1491 1801 1541 τοῦ

296 1563 713 1632 Ἀντιγενιδείου
741 1566 950 1636 τρόπου
979 1567 1490 1637 καταφρονούντων,
1510 1566 1800 1636 ἐπειδήπερ

295 1644 358 1696 οὐ
408 1647 655 1715 χρῶνται
713 1647 878 1717 αὐτῷ·
943 1650 1050 1700 τῶν
1118 1646 1158 1699 δ’
1214 1645 1641 1715 Ἀντιγενιδείων
1702 1649 1800 1699 τοῦ

295 1723 632 1793 Δωριωνείου
662 1725 748 1778 διὰ
778 1726 876 1794 τὴν
903 1726 1075 1793 αὐτὴν
1106 1725 1306 1780 αἰτίαν·
1351 1730 1458 1780 τῶν
1485 1725 1540 1779 δὲ
1566 1726 1800 1796 κιθαρῳ-

295 1802 400 1857 δῶν
451 1809 548 1859 τοῦ
600 1806 891 1875 Τιμοθείου
957 1806 1184 1877 τρόπου,
1237 1806 1440 1878 σχεδὸν
1496 1807 1601 1876 γὰρ
1664 1807 1799 1860 ἀπο-

293 1886 701 1955 πεφοιτήκασιν
744 1889 816 1946 εἴς
860 1911 917 1941 τε
965 1887 1034 1941 τὰ
1081 1888 1412 1956 καττύματα
1458 1888 1552 1941 καὶ
1603 1888 1677 1946 εἰς
1728 1886 1798 1941 τὰ

295 1968 574 2022 Πολυΐδου
605 1968 907 2038 ποιήματα.

360 2082 555 2132 Ath.8.
585 2084 730 2132 3521)
792 2083 874 2153 [ἐκ
922 2085 1028 2136 τῶν
1082 2082 1508 2140 Καλλισθένους
1560 2082 1797 2155 Στρατο-

292 2160 443 2215 νίκου
487 2162 1069 2233 ἁπομνημονεύματα]·
1113 2163 1398 2218 Πολυΐδου
1443 2163 1499 2218 δὲ
1541 2187 1797 2233 σεμνυνο-

290 2242 454 2309 μένου
507 2246 576 2301 ὡς
627 2244 844 2310 ἐνίκησε
906 2244 1173 2312 Τιμόθεον
1230 2243 1256 2298 ὁ
1316 2244 1566 2314 μαθητὴς
1625 2246 1797 2299 αὐτοῦ

291 2325 549 2382 Φιλωτᾶς
590 2334 602 2353 ‘
625 2325 949 2393 θαυμάζειν’
979 2326 1084 2394 ἔφη
1114 2335 1126 2353 ‘
1149 2325 1192 2379 εἰ
1223 2326 1434 2393 ἀγνοεῖς
1479 2325 1565 2379 ὅτι
1604 2325 1797 2384 οὗτος1

289 2404 386 2472 μὲν
412 2405 762 2476 ψηφίσματα
791 2411 953 2467 ποιεῖ,
981 2405 1243 2473 Τιμόθεος
1271 2407 1324 2460 δὲ
1353 2406 1580 2474 νόμους.’

906 2565 922 2590 ¹
958 2579 1043 2605 mss
1065 2564 1185 2605 αὐτός

293 2657 393 2701 404
