1900 3072
810 225 998 273 LYRA
1048 226 1327 274 GRAECA

315 358 338 403 ἢ
371 357 469 408 πρὸς
501 358 549 396 τὸ
585 359 627 395 ἐν
660 359 749 397 ταῖς
781 357 933 398 θυσίαις
967 355 1269 408 ἐπιλεγόμενον.
1343 357 1501 398 ἐπειδὰν
1533 358 1612 410 γὰρ
1651 361 1817 398 σπονδο-

315 413 560 458 ποιήσωνται
581 411 843 464 ἐπιλέγουσιν

715 488 1030 559 ἐκκέχυται·
1072 488 1231 541 κάλει
1260 486 1398 541 θεόν·

1025 719 1121 765 8-9

369 815 446 855 Ar.
474 816 565 856 Pax
585 817 663 857 968
723 817 817 855 ἀλλ’
842 817 1062 867 εὐχώμεθα·
1091 816 1095 867 Ι
1123 816 1183 857 τίς
1204 819 1330 869 τῇδες
1360 818 1435 856 ποῦ
1455 820 1546 856 ποτ’
1568 817 1647 857 εἶσὶ
1666 818 1820 857 πολλοὶ

318 871 515 923 κᾶγαθοί;

372 956 514 998 Schol.
541 958 597 997 ad
619 958 687 997 loc.
712 957 790 1007 (α’)
814 959 849 997 οἱ
870 956 1113 998 σπένδοντες
1134 958 1210 1010 γὰρ
1233 957 1380 1009 ἔλεγον

979 1043 991 1061 Ι
1089 1049 1109 1061 Α
1123 1044 1145 1059 ‘N

936 1067 1017 1102 τις
1045 1058 1172 1114 τῃὸε
1196 1067 1211 1104 ;

317 1148 404 1188 ἀντὶ
426 1150 498 1186 τοῦ
519 1148 582 1189 τίς
601 1147 807 1200 πάρεστιν.
872 1149 960 1188 εἶτα
982 1150 1016 1188 οἵ
1037 1147 1232 1201 παρόντες
1254 1147 1557 1200 εὐφημιζόμενοι
1579 1147 1725 1200 ἔλεγον

829 1236 1036 1289 πολλοὶ
1063 1236 1313 1305 κάγαθοί.

319 1341 441 1379 τοῦτο
464 1340 505 1379 δὲ
529 1339 688 1381 ἐποίουν
709 1342 745 1380 οἷ
766 1340 1021 1389 σπένδοντες,
1041 1343 1107 1381 ἵνα
1129 1343 1164 1380 οἱ
1185 1340 1415 1381 συνειδότες
1433 1359 1473 1381 τι
1494 1342 1650 1381 ἑαυτοῖς
1671 1341 1824 1382 ἄτοπον

320 1398 540 1447 ἐκχωροῖεν
579 1399 660 1435 τῶν
695 1399 892 1436 σπονδῶν.
953 1396 1035 1446 (β’)
1066 1399 1114 1436 τὸ
1149 1396 1191 1435 δὲ
1228 1399 1329 1436 (ποῦ
1368 1400 1460 1436 ποτ’
1497 1396 1598 1437 ἔστί
1633 1395 1751 1447 λέγει
1781 1400 1823 1438 ἐν

320 1453 419 1498 ἤθει·
452 1453 527 1490 ποῦ
558 1451 660 1491 εἰσὶν
691 1453 727 1490 οἵ
757 1453 1061 1503 ἐπιφωνοῦντες,
1086 1453 1151 1492 ἰ’να
1182 1453 1292 1502 αὐτῷ
1324 1451 1553 1503 ἐπιλέγοιεν
1581 1456 1765 1493 πιθανῶς·
1798 1453 1822 1500 ἢ

322 1508 371 1546 ὡς
391 1508 558 1556 μηδενὸς
581 1507 695 1547 ὄντος
719 1509 844 1547 καλοῦ
868 1508 1056 1558 κάγαθοῦ.

798 1913 871 1969 10,
904 1914 960 1960 11
1037 1915 1098 1964 εἷς
1125 1913 1355 1960 Διόνυσον

375 2003 482 2043 Atb.
515 2005 578 2044 14.
607 2003 732 2044 622b
791 2008 924 2054 Σῆμος
956 2008 988 2044 δ’
1021 2007 1040 2043 ὁ
1076 2004 1228 2050 Δήλιος
1263 2005 1306 2043 ἐν
1335 2005 1397 2054 τῷ
1430 2005 1524 2056 Περὶ
1555 2005 1738 2045 Παιάνων
1763 2005 1823 2045 ‘oc‘

323 2058 646 2104 αὐτοκάβδαλοι’
687 2061 787 2111 φησὶ
826 2060 1094 2111 (καλούμενοι
1134 2057 1460 2110 ἐστεφανωμένοι
1500 2061 1629 2110 κιττῷ
1669 2058 1826 2112 σχέδην

322 2112 527 2165 ἐπέραινον
547 2114 697 2166 ῥήσεις.
761 2117 931 2167 ὕστερον
952 2115 994 2155 δὲ
1015 2118 1153 2166 ἴαμβοι
1175 2113 1466 2163 ὠνομάσθησαν
1486 2116 1599 2155 αὐτοί
1618 2131 1664 2154 τε
1688 2117 1750 2155 καὶ
1772 2116 1825 2155 τὰ

321 2170 524 2219 ποίηματα
553 2172 696 2210 αὐτῶν.
760 2172 796 2210 οἱ
825 2171 867 2211 δὲ
901 2170 1142 2220 ἶθύφαλλοι’
1165 2171 1266 2220 φησὶ
1306 2169 1569 2219 *καλούμενοι
1596 2173 1826 2222 προσωπεῖα

322 2223 549 2274 μεθυόντων
588 2226 756 2277 ἔχουσιν
791 2227 855 2266 καὶ
887 2225 1188 2277 ἐστεφάνωνται
1228 2227 1407 2276 χειρῖδας
1447 2226 1602 2267 ἀνθινὰς
1641 2226 1822 2278 ἔχοντες·

322 2284 473 2330 χιτῶσι
530 2280 575 2320 δὲ
625 2284 804 2333 χρῶνται
851 2283 1117 2331 μεσολεύκοις
1168 2282 1232 2320 καὶ
1279 2279 1538 2332 περιέζωνται
1584 2284 1826 2333 Ταραντῖνον

323 2334 531 2375 κάλυπτον
563 2337 706 2376 αὐτοὺς
740 2334 862 2388 μέχρι
895 2341 976 2377 τῶν
1008 2341 1181 2389 σφυρῶν.
1247 2339 1342 2388 σιγῇ
1376 2334 1419 2375 δὲ
1452 2336 1513 2375 διὰ
1543 2339 1616 2376 τοῦ
1641 2341 1825 2378 πυλῶνος

325 2390 592 2439 εἰσελθόντες,
618 2392 714 2432 ὅταν
744 2393 846 2431 κατὰ
875 2391 1004 2442 μέσην
1032 2394 1109 2441 τὴν
1139 2391 1377 2444 ὀρχήστραν
1405 2393 1614 2442 γένωνται,
1640 2392 1822 2445 ἐπιστρέ-

326 2456 472 2497 φουσιν
493 2449 547 2486 εἷς
567 2448 616 2486 τὸ
639 2447 805 2498 Θέατρον
826 2446 1034 2498 λέγοντες·

381 2556 396 2580 ²
426 2556 516 2595 this
536 2556 714 2609 strictly
735 2556 914 2610 belongs
935 2563 982 2597 to
1003 2558 1080 2598 the
1100 2561 1210 2597 next
1230 2556 1396 2596 section
1582 2558 1598 2582 ²
1629 2557 1682 2598 ef.
1708 2559 1818 2609 App.

321 2611 439 2650 Prov.
465 2613 502 2650 4.
529 2612 583 2652 90
603 2612 738 2662 (καλοὶ
762 2613 948 2664 κάγαθοί)

327 2691 420 2739 512
