1900 3072
812 258 900 304 LY
908 257 998 304 ΒΑ
1049 257 1330 305 GRAECA

1054 428 1106 477 Γ]

776 541 931 591 ΤΩΝ
974 538 1092 590 ΕΠ’
1133 540 1357 590 ΕΡΓΩΙ

1042 654 1104 702 25

375 752 472 793 Sch.
498 754 578 806 Ap.
606 752 690 792 Rh.
717 753 796 796 972
851 756 988 793 ἴουλος
1019 751 1061 791 δὲ
1093 755 1278 792 καλεῖται
1309 751 1334 799 ἡ
1362 752 1499 804 πρώτη
1531 751 1739 804 ἐξάνθησις
1760 752 1823 791 καὶ

321 808 491 858 ἔκφυσις
510 813 596 849 τῶν
616 810 658 848 ἐν
689 809 750 858 τῷ
770 808 912 858 γενείῳ
943 810 1108 859 τριχῶν.
1172 809 1191 845 ὁ
1221 807 1360 858 μέντοι
1380 807 1670 859 Ἐρατοσθένης
1703 807 1824 858 ὄνομα

321 867 422 915 ᾡδῃς
447 866 582 915 ἐρίθων
600 861 800 903 ἐπέδωκεν
820 863 860 903 ἓν
875 869 931 913 τῷ
951 862 1088 916 Ἐρμῇ,
1107 861 1243 914 λέγων
1263 864 1379 903 οὕτω·
1397 861 1466 902 “H
1488 866 1679 916 χερνῆτις
1701 866 1825 916 ἔριθος

322 921 382 970 ἐφ’
404 922 560 970 ὑψηλοῦ
577 922 780 959 πυλεῶνος
806 918 810 970 1
838 919 1070 959 δενδαλίδας
1087 917 1298 970 τεύχουσα
1313 917 1326 941 ¹
1342 919 1469 959 καλὰς
1486 922 1616 967 ἤειδεν
1632 918 1823 959 immons!

320 977 390 1014 οὐκ
413 975 502 1015 ἔστι
525 974 582 1024 δέ,
610 975 710 1026 φησὶ
734 974 920 1025 Δίδυμος,
945 972 1033 1013 ἀλλ’
1060 975 1178 1024 ὕμνος
1208 975 1263 1015 εἷς
1286 973 1493 1026 Δήμητρα,
1518 975 1569 1016 ὣς
1590 977 1611 1014 ὃ
1631 977 1824 1026 οὕπιγγος

317 1031 422 1082 παρὰ
443 1030 682 1082 Τροιζηνίοις
704 1032 758 1071 εἷς
771 1028 977 1083 Ἀρτεμιν.
1041 1029 1130 1070 ἔστι
1150 1030 1228 1080 γὰρ
1249 1029 1367 1071 οὖλος
1390 1031 1453 1069 καὶ
1474 1032 1611 1072 ἴουλος
1631 1030 1656 1079 ἡ
1679 1033 1724 1070 ἐκ
1743 1032 1826 1071 τόῖν

320 1086 557 1138 δραγμάτων
579 1085 835 1138 συναγομένη
857 1085 1001 1135 δέσμη·
1035 1087 1098 1125 καὶ
1124 1086 1243 1125 Οὐλὼ
1264 1086 1287 1133 ἡ
1312 1085 1519 1137 Δημήτηρ.

373 1175 486 1217 Sem.
511 1189 579 1228 ap.
606 1176 713 1215 Ath.
739 1177 804 1215 14.
824 1177 903 1215 618
925 1175 995 1226 (cf.
1022 1189 1064 1228 p.
1090 1176 1200 1226 494).
1229 1175 1306 1217 ἀπὸ
1327 1179 1408 1216 τῶν
1428 1174 1497 1215 οὖν
1514 1178 1590 1222 τῆς
1610 1174 1825 1226 Δήμητρος

318 1231 551 1283 εὑρημάτων
581 1230 675 1271 τούς
713 1248 760 1271 τε
795 1230 968 1283 κάρπους
1003 1232 1066 1270 καὶ
1099 1232 1195 1271 τοὺς
1230 1232 1373 1280 ὕμνους
1406 1232 1498 1271 τοὺς
1538 1233 1593 1271 εἷς
1623 1231 1700 1278 τὴν
1734 1231 1825 1271 θεὸν

318 1289 459 1327 οὔλους
500 1288 672 1326 καλοῦσι
707 1288 771 1326 καὶ
813 1287 985 1327 ἰούλους.
1036 1284 1101 1338 <οἱ
1141 1285 1307 1340 αὐίὀὶ>2
1341 1285 1404 1326 καὶ
1445 1286 1715 1339 δημήτρουλοι
1756 1287 1820 1325 καὶ

319 1343 560 1383 καλλίουλοι
592 1344 657 1382 καὶ

515 1432 783 1484 πλεῖστον
814 1428 979 1481 οὖλον
1009 1427 1172 1480 οὖλον
1201 1426 1284 1487 ἵει,
1315 1428 1501 1481 ἴουλον
1525 1427 1603 1481 ἵει.

317 1537 492 1576 -ἅλλοι
515 1534 560 1576 δέ
581 1545 704 1587 φασιν
727 1535 942 1585 ἐριουργῶν
964 1532 1064 1572 εἶναι
1085 1533 1161 1580 τὴν
1183 1532 1300 1583 ᾠδήν.

1041 1786 1104 1834 26

372 1878 491 1917 Plut.
515 1878 622 1928 Sept.
645 1877 745 1926 Sap.
770 1876 821 1914 14
879 1872 1179 1920 ἐπιστησαντος
1200 1872 1243 1913 δὲ
1263 1876 1337 1913 τοῦ
1363 1871 1493 1924 λόγου
1521 1874 1570 1913 τὸ
1597 1871 1823 1923 σιμπόσιον

318 1936 337 1972 ὁ
368 1934 444 1983 μὲν
464 1934 604 1978 Θαλῆς
635 1931 899 1971 ἐπσικώπτων
930 1931 973 1969 εὖ
1002 1932 1165 1981 φρονεῖν
1192 1930 1270 1980 ἔφη
1296 1931 1370 1969 τὸν
1396 1929 1649 1979 Ἐπιμενίδην
1677 1930 1740 1968 ὅτι
1766 1930 1822 1978 μὴ

318 1990 515 2034 βούλεται
563 1987 783 2039 πράγματα
831 1985 944 2036 ἔχειν
984 1985 1093 2024 ἇλῶν
1131 1986 1182 2024 τὰ
1222 1985 1333 2025 σιτία
1373 1986 1436 2025 καὶ
1478 2001 1637 2025 πεττων
1677 1985 1819 2034 ἑαυτῷ,

317 2044 492 2094 καθάπερ
532 2041 745 2082 Πιττακός.
810 2042 890 2092 ἐγὼ
929 2040 1021 2092 γάρ,
1063 2041 1162 2090 εἶπε,
1201 2043 1277 2087 τῆς
1311 2040 1428 2091 ξένης
1466 2042 1614 2088 ἤκουον
1648 2037 1822 2092 ἀδούσης

317 2101 416 2151 πρὸς
438 2116 514 2146 την
533 2098 667 2148 μύλην
691 2099 732 2137 ἐν
753 2097 902 2149 Ἐρέσῳ
923 2095 1151 2146 γενόμενος·

652 2184 832 2243 ”Αλει,
861 2181 1007 2248 μύλ’,
1037 2180 1178 2236 ἄλει·

643 2255 739 2309 καὶ
766 2254 872 2346 γὰρ
902 2254 1177 2311 Φίττακος
1205 2243 1329 2306 αλει

645 2329 894 2397 μεγάλας
922 2327 1118 2384 πόλιος
1145 2324 1483 2391 βασιλεύων.
1489 2326 1510 2358 3

371 2433 386 2457 ¹
417 2433 600 2486 reading
620 2431 854 2479 doubtful;
886 2445 955 2471 see
976 2444 1017 2483 p.
1044 2431 1124 2471 506
1144 2429 1282 2469 above
1411 2429 1428 2453 ²
1458 2429 1550 2469 Cas.
1687 2429 1704 2454 ³
1733 2442 1821 2468 mss

318 2490 411 2528 ἆλεῖ
431 2491 547 2537 (ter),
572 2466 694 2537 μύλα,
721 2487 852 2535 Πίττ.,
878 2485 965 2525 and
985 2502 1076 2536 μεγ.
1105 2483 1338 2525 Μιτυλάνας
1358 2488 1454 2529 βασ.

377 2598 391 2622 ¹
423 2598 546 2638 Eust.
576 2598 691 2637 1162.
718 2598 770 2636 42
794 2597 1048 2648 (ἐπιφώνημα
1075 2595 1282 2645 ἐμμελές),
1316 2593 1480 2635 Sch.A
1481 2606 1523 2646 p.
1550 2592 1634 2633 Rh.
1662 2594 1697 2633 1.
1722 2592 1814 2641 972,

318 2653 511 2704 Hesych.
533 2651 620 2692 and
641 2651 769 2692 Phot.
796 2658 946 2701 ἴουλος,
974 2650 1132 2690 Pollux
1152 2650 1179 2689 i.
1202 2650 1255 2690 38
1277 2651 1335 2702 (p.
1360 2649 1471 2698 488),
1496 2648 1669 2688 Artem.
1687 2648 1724 2688 2.
1750 2648 1818 2696 24,

321 2733 411 2781 532
