1900 3072
791 238 980 286 LYRA
1029 239 1306 286 GRAECA

1020 369 1081 416 27

353 456 451 497 Seh.
501 456 660 496 Aesch.
710 457 821 497 Pers.
873 458 953 497 940
1001 458 1294 508 [Μαριανδυνοῦ
1344 458 1627 510 θρηνητῆρος]·
1696 464 1802 498 Καλ-

299 513 524 562 λίστρατος
554 513 595 551 ἐν
622 511 793 564 δευτέρῳ
822 514 916 563 Περὶ
941 510 1182 563 Ἡρακλείας
1205 515 1350 552 Τιτυοῦ
1375 517 1485 564 τρεῖς
1513 517 1657 553 παῖδας
1687 514 1800 559 εἶναι,

298 566 489 619 Πριόλαν,
520 567 804 618 Μαριανδυνόν,
834 571 1008 619 Βῶρμον,
1045 568 1123 608 ὒν1
1150 572 1390 619 κυνηγετοῦι
1403 586 1454 608 τα
1484 566 1709 609 ἀπολέσθαι
1738 568 1802 609 καὶ

297 624 419 673 μέχρι
442 624 511 662 νῦν
533 623 827 672 Μαριανδυνοὺς
849 624 952 675 ἀκμῇ
977 621 1112 674 θέρους
1135 628 1289 675 θρηνεῖν
1311 625 1447 673 αὐτὸν,
1471 625 1546 665 τὸν
1566 623 1610 663 δὲ
1631 630 1802 675 Μαριαν·

298 680 416 717 δυνὸν
455 679 623 728 αὐξῆσαι
661 677 845 727 μάλιστα
884 679 960 724 τὴν
1001 681 1242 730 θρηνητικὴν
1283 680 1496 731 αὐλῳδίαν,
1539 681 1604 720 καὶ
1652 679 1804 730 διδάξαι

289 733 459 783 ςὝαγνιν
479 735 552 772 τὸν
575 732 763 784 Μαρσύου
783 731 948 783 πατέρα.
1012 736 1075 773 καὶ
1099 736 1215 774 αὐλοὶ
1237 732 1283 774 δέ
1310 735 1415 775 τινές
1438 735 1517 775 εἶσι
1539 737 1803 784 Μαριανδυνοὶ

298 788 611 836 ἐπιτηδειότητα
633 789 802 838 ἔχοντες
825 789 879 829 εἷς
900 789 974 828 τὰς
996 789 1225 841 θρηνῳδίας,
1251 790 1314 829 καὶ
1338 792 1386 830 τὸ
1410 789 1712 842 ἐπιφερόμενον·

370 875 531 928 αὐλεῖ
555 873 965 944 ἸΜαριανδυνοῖς
994 874 1269 943 καλάμοις
1297 875 1505 946 κρούων
1530 875 1717 930 Ἰαστί

299 982 347 1019 ὡς
369 982 450 1019 τῶν
472 981 753 1029 Μαριανδυνῶν
769 982 976 1029 θρηνωδῶν
999 978 1135 1019 ὄντων.

1019 1119 1082 1166 28

351 1205 434 1245 Dio
470 1205 624 1257 Chrys,
665 1207 702 1246 2.
743 1206 795 1245 59
836 1207 892 1256 [π.
929 1209 1002 1245 τοῦ
1041 1204 1279 1256 βασιλέως]·
1337 1204 1466 1255 μόνην
1504 1207 1546 1246 δὲ
1587 1208 1692 1259 ᾠδὴν
1728 1207 1803 1258 μὲν

297 1260 439 1313 ᾄσεται
462 1261 524 1299 καὶ
546 1259 807 1313 παραδέξεται
828 1263 905 1309 τὴν
928 1266 984 1311 τῷ
1010 1261 1203 1311 Ἐνυαλίῳ
1227 1260 1459 1312 πρέπουσαν
1483 1263 1596 1311 μάλα
1626 1263 1803 1315 ἰσχυρὰν

299 1318 362 1356 κα)
388 1315 583 1367 διάτορον,
611 1318 687 1366 οὐχ
718 1317 867 1363 ἡδονὴν
897 1317 988 1356 οὐδὲ
1018 1316 1208 1369 ῥαθυμίαν
1233 1317 1438 1368 φέρουσαν
1459 1321 1546 1358 τοῖς
1573 1316 1799 1367 ἀκούουσιν,

298 1373 394 1411 ἀλλ’
429 1372 641 1421 ἀμήχανον
675 1370 806 1422 φόβον
841 1373 904 1411 καὶ
942 1371 1112 1423 θόρυβον
1143 1402 1151 1412 .
1189 1403 1197 1410 .
1233 1402 1241 1410 .
1278 1371 1338 1412 ἔτι
1370 1372 1413 1413 δὲ
1441 1373 1547 1422 οἶμαι
1573 1375 1650 1421 τὴν
1678 1390 1800 1425 παρα·

298 1427 513 1474 κλητικήν,
552 1428 615 1466 οιά
644 1427 668 1474 ἡ
700 1429 782 1467 τὼν
809 1431 1047 1467 Λακωνικῶν
1077 1428 1345 1477 ἐιιβατηρίων,
1370 1428 1482 1477 μάλα
1508 1428 1718 1480 πρέπουσα
1746 1432 1797 1482 τῇ

296 1481 527 1532 Λυκουργου
547 1482 734 1533 πολιτείᾳ
755 1482 818 1522 καὶ
839 1486 923 1522 τοῖς
947 1481 1260 1530 ἐπιτηδεύμασιν
1280 1484 1458 1524 ἐκείνοις·

596 1550 802 1618 ”,Ἀιγετ
831 1551 871 1604 ὦ
898 1551 1164 1621 Σπάρτας
1189 1552 1427 1623 εὐάνδρω

590 1628 754 1692 κῶροι
782 1624 1035 1694 πατέρων
1063 1625 1387 1686 πολιατᾶν,2

585 1700 721 1784 λαιᾷ
749 1697 844 1765 μὲν
874 1700 990 1751 ἴτυν
1018 1698 1399 1764 προβάλεσθε,

591 1768 718 1837 δόρυ
748 1770 792 1822 δ’
819 1770 1097 1839 εὐτόλμως
1124 1770 1322 1832 βάλετ’
1351 1771 1534 1831 ἄντα,3

589 1842 661 1910 μὴ
690 1842 995 1913 φειδόμενοι
1021 1847 1117 1899 τᾶς
1147 1844 1296 1907 ζωᾶς·

592 1916 654 1968 οὐ
680 1914 787 1985 «γὰρ
814 1918 1048 1983 πάτριον
1076 1919 1143 1988 τᾷ
1174 1915 1422 1990 Σπάρτα.

354 2001 452 2042 Sch.
475 2003 530 2041 ad
551 2003 634 2041 loc:
665 2004 948 2053 παρακλητικὰ
970 2004 1014 2042 ἐκ
1036 2006 1116 2043 τῶν
1136 2001 1343 2055 Τυρταίου.

1024 2155 1086 2202 29

355 2240 501 2292 Heph.
532 2241 583 2283 27
625 2242 683 2292 [π.
719 2242 1009 2282 ἀναπαιστικοῦ
1049 2243 1121 2282 τοῦ
1160 2240 1525 2292 Ἀριστοφανείου]·
1582 2241 1631 2281 τὸ
1663 2239 1803 2290 μέντοι

298 2297 372 2335 τὸν
403 2299 614 2335 σπονδεῖον
645 2295 744 2347 ἔχον
773 2298 884 2336 ἀλλὰ
913 2299 967 2347 μὴ
996 2298 1069 2336 τὸν
1098 2297 1347 2338 ἀνάπαιστον
1375 2295 1670 2347 παραλήγοντα
1700 2295 1805 2336 εἰσὶν

299 2352 335 2389 οἶ
355 2352 584 2390 Λακωνικὸν
604 2355 791 2401 καλοῦσι,
817 2351 1106 2404 προφερόμενοι
1126 2351 1380 2403 παράδειγμα
1397 2350 1447 2392 τό

356 2456 372 2480 ¹
404 2456 538 2496 YVeck
558 2472 566 2496 :
599 2469 685 2496 mss
709 2464 758 2497 M.
785 2456 908 2507 μόνον
1019 2459 1035 2482 ²
1064 2471 1152 2497 mss
1172 2456 1361 2508 εὐάνδρου
1382 2458 1514 2509 κοῦροι
1534 2474 1575 2497 π.
1600 2466 1802 2505 πολιηταν

299 2513 429 2560 (πῶν,
457 2514 562 2560 -τᾶς,
586 2514 686 2559 -ται)
827 2514 844 2537 ³
877 2513 938 2552 E:
971 2526 1059 2552 mss
1081 2513 1280 2561 βάλλετε,
1306 2512 1540 2558 βάλλοντες

359 2629 373 2654 ¹
402 2631 658 2685 doubtfully
679 2631 895 2672 classified
1036 2633 1052 2658 ²
1082 2632 1136 2674 cf.
1163 2633 1233 2675 Tz.
1259 2634 1367 2675 Chil.
1393 2633 1420 2673 i.
1446 2633 1540 2682 692,
1572 2631 1719 2685 Heph.
1749 2631 1802 2676 27

303 2712 398 2760 534
