1900 3072
772 222 958 268 LYRA
1009 222 1290 269 GRAECA

488 350 780 420 τεταμένον
809 350 1034 420 ὀρίγανα
1063 350 1152 404 διὰ
1178 350 1574 421 μυελοτρόφα.1

274 449 487 497 συγκεῖται
505 448 539 484 δ’
557 444 673 486 οὗτος
696 449 715 484 ὁ
739 445 887 494 στίχος
905 445 983 483 ἀπὸ
1002 448 1429 497 προκελευσματικῶν,
1448 448 1467 484 ὁ
1486 447 1528 484 δὲ
1544 448 1782 487 τελευταῖος

272 505 369 542 ποὺς
391 502 640 543 ἀνάπαιστος
661 505 742 539 τῶν
763 501 832 540 δύο
854 504 1060 552 βραχειῶν
1083 502 1137 540 εἷς
1156 500 1251 550 μίαν
1269 501 1425 552 μακρὰν
1448 504 1769 553 συναιρεθεισῶν.

998 619 1061 666 28

329 708 446 747 Plut.
472 708 585 748 Fore.
611 709 729 747 Aleae.
761 709 805 747 l:
839 706 1053 759 Ἀρχελάῳ
1083 707 1125 746 δὲ
1157 709 1342 746 δοκοῦντι
1370 705 1662 759 γλισχροτέρῳ
1689 710 1780 760 περὶ

274 763 345 803 τὰς
381 764 527 833 δ’ωρεὰς
563 763 664 802 εἶναι
702 760 890 812 Τιμόθεος
930 762 1035 815 ᾄδων
1076 762 1312 813 ἐνεσήμαινε
1345 763 1552 804 πολλάκις
1585 764 1702 803 τουτὶ
1732 765 1782 803 τὸ

275 833 508 869 κομμάτιον·

483 893 555 946 σὺ
585 892 639 945 δὲ
660 892 681 924 ²
708 892 801 945 τὸν
829 891 1126 961 γηγενέταν
1157 891 1392 962 ἄργυρον
1419 893 1599 950 αἰνεῖς.

273 992 292 1027 ὁ
315 992 346 1028 δῖ
370 986 597 1040 Ἀρχέλαος
618 988 689 1027 οὐκ
709 987 894 1037 ἀμούσως
916 987 1179 1038 ἰκντεᾴκῖψησε
1203 990 1213 1007 ⁴
1230 988 1285 1028 Σὺ
1308 986 1351 1025 δέ
1372 988 1410 1037 ’γ’
1426 987 1581 1028 αἷτεῗς·’

998 1209 1062 1256 29

327 1298 449 1338 Plut.
492 1299 566 1346 Qu.
606 1298 725 1336 Conv.
763 1299 799 1337 3.
844 1298 904 1337 10.
943 1298 968 1336 3
1009 1297 1068 1346 [π.
1102 1297 1175 1335 τοῦ
1215 1299 1556 1347 κατακοιμηθῆναι
1597 1297 1641 1336 ἐν
1677 1299 1781 1350 αὐγῇ

277 1353 489 1403 σελήνης]
524 1352 695 1403 λέγεται
713 1352 755 1391 δὲ
771 1351 834 1391 καὶ
850 1353 948 1402 πρὸς
966 1351 1152 1391 εὐτοκίαν
1169 1355 1380 1402 συνεργεῖν
1393 1353 1491 1391 ὅταν
1505 1350 1533 1403 ᾗ
1548 1351 1779 1403 διχόμηνος,

275 1406 411 1448 ἀνέσει
432 1412 514 1447 τῶν
536 1410 666 1459 ὑγρῶν
686 1406 976 1459 μαλακωτέρας
995 1405 1234 1459 παρέχουσα
1253 1408 1327 1446 τὰς
1353 1408 1507 1448 ὠδῖνας.
1566 1409 1656 1446 ὅθεν
1677 1409 1784 1456 οἶμαι

277 1466 341 1503 καὶ
363 1465 439 1510 τὴν
453 1462 646 1514 Ἀρτεμιν
675 1464 852 1514 Λοχείαν
882 1464 946 1502 καὶ
975 1463 1218 1509 Εἰλείθυιαν,
1241 1465 1311 1501 οὐκ
1342 1461 1468 1501 οὖσαν
1498 1462 1641 1513 ἑτέραν
1661 1463 1685 1510 ἢ
1707 1464 1783 1511 τὴν

279 1520 476 1567 σελήνην,
499 1519 740 1568 ὠνομάσθαι.
798 1516 985 1568 Τιμόθεος
1008 1519 1039 1557 δ’
1063 1517 1247 1567 ἄντικρύς
1267 1526 1382 1567 φησι·

605 1593 695 1646 διὰ
724 1594 947 1646 κυάνεον
965 1593 986 1624 3
1015 1593 1192 1647 πόλον
1221 1592 1442 1662 ἄστρων

606 1666 695 1719 διά
725 1667 768 1720 τ’
798 1665 1097 1719 ὠκυτόκοιο
1124 1665 1360 1733 σελήνης
1379 1664 1402 1697 4

1003 1834 1066 1881 30

333 1922 496 1975 Porph.
531 1935 600 1974 ap.
637 1921 758 1961 Stob.
793 1922 880 1961 ΕΟΖ.
919 1923 950 1961 l.
988 1922 1052 1960 41.
1079 1922 1127 1959 61
1163 1920 1221 1969 [π.
1252 1921 1420 1971 ψυχῆς]·
1452 1920 1579 1960 πάλιν
1608 1919 1782 1960 αἰνιττό-

276 1994 396 2029 μενος
418 1982 480 2017 ὅτι
501 1980 590 2016 ταῖς
609 1980 691 2015 τῶν
713 1979 891 2021 εὐσεβῶς
912 1975 1176 2021 βεβιωκότων
1196 1978 1347 2027 ψυχαῖς
1365 1975 1469 2025 μετὰ
1488 1976 1565 2022 τὴν
1584 1976 1786 2023 τελευτὴν

282 2032 426 2073 οἰκεῖός
450 2034 539 2072 ἐστι
561 2031 682 2072 τόπος
705 2035 723 2070 ὁ
745 2033 833 2081 περὶ
855 2033 931 2077 τὴν
962 2032 1158 2079 σελήνην,
1183 2030 1446 2077 ὑπεδήλωσεν
1476 2031 1608 2070 εἰπών·
1645 2030 1784 2072 ’ἀλλά

284 2093 321 2129 σ“
345 2090 384 2129 ἐς
405 2086 600 2127 Ἠλύσιον
620 2086 755 2126 πέδιον
785 2087 848 2126 καὶ
879 2088 1048 2137 πείρατα
1076 2087 1194 2136 γαίης
1222 2086 1227 2138 Ι
1253 2086 1443 2126 ἀθάνατοι
1461 2084 1703 2136 πέμψουσιν,
1725 2087 1785 2125 ὅθι

279 2145 416 2196 ξανθὸς
439 2146 448 2163 ‘
464 2143 746 2193 Ραδάμανθυς,’
771 2141 964 2182 Ἠλύσιον
993 2142 1066 2189 μὲν
1093 2142 1230 2180 πεδίον
1260 2139 1426 2181 εἰκότως
1456 2143 1683 2193 προσειπὼν
1705 2142 1782 2188 τὴν

280 2203 354 2246 τῆς
378 2197 556 2246 σελήνης
578 2198 814 2249 ἐπιφάνειαν
837 2197 902 2248 ὑφ’
923 2197 1042 2244 ἡλίου
1064 2196 1444 2247 καταλαμπομένην,

644 2273 721 2326 ὅτ’
750 2272 976 2340 αὔξεται
1003 2271 1163 2339 ἡλίου
1191 2272 1387 2339 αὐγαῖς
1405 2270 1427 2302 ⁵

282 2370 331 2408 ὥς
353 2377 454 2419 φησι
475 2366 676 2418 Τιμόθεος.

339 2498 356 2523 ¹
387 2511 511 2551 sugg.
544 2497 662 2537 Wil:
698 2510 785 2536 mss
819 2499 967 2547 -τεφῆ;
1001 2495 1122 2536 EM.
1153 2495 1263 2535 adds
1294 2494 1535 2536 Ὀδυσσείας
1571 2491 1604 2533 δ’
1639 2493 1784 2533 which

281 2567 359 2593 can
401 2552 559 2605 hardly
599 2551 756 2603 belong
796 2551 900 2590 here
1035 2551 1051 2575 ²
1080 2564 1168 2590 mss
1207 2552 1259 2590 σὺ
1299 2550 1362 2598 δή,
1398 2552 1478 2602 Ap.
1517 2551 1612 2600 Ray.
1651 2549 1703 2588 σὺ
1742 2546 1786 2588 δέ

283 2609 300 2633 3
326 2608 368 2647 M
378 2622 463 2648 aer.
486 2606 672 2659 λαμπρόν
784 2608 800 2631 4
826 2606 961 2645 'Maon
986 2606 1163 2647 σελάνας
1272 2604 1288 2628 ⁵
1313 2617 1400 2644 mss
1420 2604 1512 2644 also
1531 2603 1672 2651 ἠελίου
1692 2605 1784 2654 αιἰγ.

289 2691 384 2736 330
