1900 3072
798 207 985 254 LYRA
1033 206 1316 255 GRAECA

301 337 442 376 οὐκοῦν
482 338 545 377 καὶ
583 339 685 378 κατὰ
718 340 865 378 τοῦτον
904 339 977 380 τὸν
1009 337 1137 388 λόγον
1167 337 1330 378 πιθανόν
1361 340 1452 379 ἐστι
1485 339 1560 380 τὸν
1599 337 1804 392 Πύθερμον

301 394 452 431 ἐκεῖθεν
473 393 569 432 ὄντα
589 392 832 440 ποιήσασθαι
853 395 929 442 τὴν
950 395 1116 445 ἀγωγὴν
1145 397 1231 434 τῶν
1257 398 1398 446 μελῶν
1418 393 1699 447 ἁρμόττουσαν
1717 397 1803 436 τοῖς

301 450 416 495 ἤθεσι
437 452 523 488 τῶν
542 449 695 489 Ἰώνων.

355 522 454 562 Seh.
491 524 615 576 Diog.
654 525 841 563 Paroem.
871 521 941 564 Gr.
984 526 1017 564 1.
1054 525 1134 564 285
1168 524 1360 564 Leutsch
1433 526 1536 573 αὕτη
1571 524 1682 578 ἀρχή
1713 526 1804 566 ἐστι

304 579 486 620 σκολίου.
549 580 771 620 ἀνατιθεΐσι
793 577 836 618 δὲ
857 579 955 620 αὐτὸ
978 579 1208 632 Πυθέρμῳ.)Δ

354 789 429 829 Ar.
466 790 578 841 Vesp.
607 791 710 829 1241
735 788 953 840 [Ἀδμήτου
975 788 1114 842 λόγον,
1138 790 1166 829 ὦ
1188 789 1326 842 ’ταΐρε,
1351 790 1485 840 μαθὼν
1511 790 1606 831 τοὺς
1632 789 1805 842 ἀγαθοὺς

301 843 444 895 φίλει]·

594 921 715 972 Οὐκ
743 920 896 973 ἔστιν
922 920 1284 986 ἀλωπεκίζειν

594 993 705 1046 οὐδ’
733 993 1096 1064 ἀμφοτέροισι
1123 994 1414 1063 ’γίγνεσθαι
1441 992 1624 1065 φίλον.

827 1109 889 1157 26
961 1111 1288 1175 Κλειταγόρας

355 1196 469 1237 Ibid.
512 1198 616 1236 1245
668 1198 787 1247 [μετὰ
818 1199 965 1237 τοῦτον
999 1198 1197 1250 Αἰσχίνης
1231 1202 1251 1238 ὃ
1286 1198 1448 1240 Σέλλου
1479 1197 1650 1250 δέξεται,
1675 1198 1681 1252 l
1708 1199 1806 1252 ἀνὴρ

305 1254 432 1303 σοφὸς
455 1254 518 1292 καὶ
539 1253 745 1303 μουσικός·
781 1253 871 1306 κᾷτ’
892 1254 1071 1305 ᾄσεται·]

375 1328 651 1398 Χρήματα
693 1330 788 1382 καὶ
818 1329 951 1392 ,Βίαν
987 1329 1341 1404 Κλειταγόρα
1378 1353 1437 1384 τε
1467 1329 1628 1399 κάμοὶ
1666 1329 1805 1400 μετὰ,

520 1404 837 1456 Θετταλῶν.

358 1494 499 1536 Schol.
543 1498 600 1536 ad
641 1498 709 1537 loc,
786 1496 1062 1549 Κλειταγόρας
1100 1499 1225 1548 μέλος
1265 1496 1440 1548 λέγουσι
1477 1497 1528 1538 τὸ
1577 1499 1631 1538 εἷς
1679 1495 1806 1544 αὐτήν

306 1550 596 1603 Κλειταγόραν,
628 1554 716 1599 ἥτις
747 1553 912 1603 ἐγένετο
942 1553 1143 1605 ποιήτρια,
1178 1552 1370 1600 Θεττοίλη
1399 1569 1462 1593 τις
1489 1552 1595 1603 ’γυνή
1623 1584 1633 1594 .
1670 1583 1680 1593 .
1714 1583 1724 1593 .
1760 1554 1806 1593 ἐκ

305 1606 473 1646 σκολίου
503 1606 610 1648 τινός
639 1609 765 1648 ἐστιν·
799 1610 1019 1656 Ἀθηναίοις
1052 1609 1094 1649 δὲ
1124 1608 1326 1650 Θετταλοὶ
1359 1607 1652 1660 συνεμάχησαν
1677 1610 1720 1648 ἐν
1747 1612 1805 1659 τῷ

303 1663 402 1713 πρὸς
421 1663 516 1703 τοὺς
537 1662 752 1715 τυράννους
771 1665 953 1715 πολέμῳ.

1027 1794 1088 1840 27

357 1879 467 1919 Ath.
491 1881 554 1920 ll.
590 1880 668 1922 783
685 1893 719 1930 e,
746 1881 831 1922 vol.
858 1883 882 1921 3
912 1894 951 1933 p.
980 1880 1090 1920 221(
1120 1881 1179 1931 [π.
1214 1879 1462 1932 ἆμύστιδος]·
1497 1878 1629 1920 ἔπινον
1657 1879 1701 1920 δὲ
1728 1880 1807 1928 τὴν

303 1934 476 1984 ἄμυστιν
509 1936 612 1986 μετὰ
642 1935 805 1986 μέλους,
836 1937 1138 1989 μεμετρημένου
1174 1937 1272 1988 πρὸς
1307 1936 1496 1984 ὠκύτητα
1529 1934 1692 1988 χρόνου.
1755 1938 1805 1976 ὡς

306 1990 527 2041 Ἀμειψιάς-
565 1994 713 2031 ‘Amet
742 2009 809 2041 μοι
832 1993 970 2041 μέλος·
999 1992 1004 2043 Ι
1030 1993 1080 2032 τὺ
1114 1991 1146 2031 δ’
1179 1990 1248 2043 ᾆδε
1281 1992 1381 2044 πρὸς
1410 1990 1524 2039 τήνδ’
1556 1990 1741 2041 ἐκπίομαι
1769 1990 1802 2030 δ’

304 2047 384 2096 ἐγὼ
403 2047 516 2088 τέως.
547 2046 554 2100 Ι
579 2046 629 2088 B.
654 2050 766 2087 αὔλει
789 2047 838 2087 σὺ
860 2048 924 2087 καὶ
950 2045 1059 2101 <σὺ>
1083 2049 1159 2096 τὴν
1179 2048 1352 2098 ἄμυστιν
1371 2045 1587 2097 λάμβανε]

305 2126 388 2178 Οὐ
415 2126 525 2198 χρὴ
553 2126 723 2180 πόλλ’
751 2126 897 2198 ἔχειν
927 2125 1121 2192 θνητὸν
1137 2125 1455 2230 ἄνθρωπον3,
1484 2123 1614 2178 ἀλλ’
1637 2125 1767 2196 ἐρᾶν
1786 2124 1816 2157 2

302 2198 393 2251 καὶ
422 2198 880 2253 κατεσθίειν-συ
908 2198 963 2252 δὲ
991 2198 1148 2270 καρτ’
1177 2198 1416 2270 ἀφειδής.

359 2292 375 2316 1
406 2306 493 2332 mss
526 2294 754 2345 Πυθέρμωνι
949 2291 966 2316 ²
996 2297 1135 2332 metre
1168 2292 1311 2332 halts.
1344 2292 1480 2332 Mein.
1519 2293 1665 2339 θνητὸν
1695 2292 1802 2344 ἄνδρ’

305 2355 385 2386 κτλ
407 2363 414 2387 :
447 2348 568 2399 perh.
605 2350 751 2396 θνητὸν
781 2348 864 2388 ὅντ’
1030 2349 1048 2372 ³
1079 2347 1226 2389 Mein:
1256 2360 1344 2387 mss
1365 2348 1416 2387 σὺ
1438 2346 1481 2386 δὲ
1509 2346 1636 2400 κάρτα
1655 2347 1771 2401 φείδῃ
1793 2364 1802 2388 :

303 2402 380 2441 the
402 2403 588 2454 original
609 2417 697 2442 was
719 2404 840 2456 perh.
866 2402 994 2442 πίνειν
1015 2404 1047 2441 δ’
1069 2402 1220 2453 ἀμυστί
1240 2415 1288 2441 01·
1309 2402 1385 2441 the
1405 2401 1496 2442 like

359 2504 376 2528 1
406 2504 651 2546 Scholiasb:
689 2508 762 2547 (ὡς
794 2507 950 2546 κόλακα
981 2505 1198 2551 διαβάλλει
1226 2503 1362 2553 αὐτόν,
1395 2505 1449 2545 he
1477 2508 1682 2545 trounces
1710 2505 1803 2544 him

303 2558 370 2598 for
390 2558 570 2612 flattery
585 2561 594 2578 ²
613 2575 623 2608 ;
653 2566 732 2600 not
751 2562 968 2613 certainly
988 2574 1014 2600 a
1034 2561 1198 2600 soolion
1347 2560 1364 2585 ²
1384 2559 1437 2600 of.
1474 2559 1641 2600 Cratin.
1665 2561 1746 2601 236
1759 2558 1805 2598 Κ

302 2615 334 2660 (‘
353 2617 399 2653 to
420 2615 516 2667 sing
543 2615 619 2654 the
645 2615 894 2668 Cleitagora
921 2616 1048 2655 when
1079 2616 1132 2655 he
1161 2615 1289 2669 plays
1319 2614 1395 2655 the
1419 2614 1638 2655 Admetus
1652 2614 1696 2667 ¹),
1719 2614 1785 2654 Ar

307 2683 403 2731 574
