1900 3072
785 211 872 257 LY
882 211 973 257 ΒΑ
1023 210 1304 262 GRAECA

290 341 438 397 τινιὶς
466 343 572 392 τῶν
599 341 659 408 ἐξ
687 341 856 393 αὐτοῦ
883 340 1207 411 γραφέντων
1246 341 1431 397 αὐτοῖς
1468 339 1794 410 διέφθειραν.

288 412 598 482 Νικόδωρος
641 412 696 466 δὲ
739 412 764 466 ὁ
805 414 1018 481 πύκτης
1059 414 1113 466 ἐν
1161 417 1273 470 τοῖς
1319 412 1796 479 εὐδοκιμώτατος1

290 485 616 538 λΙαντινέων
649 484 947 554 γενόμενος,
979 485 1131 538 ἀλλὰ
1172 486 1281 556 ὀψὲ
1321 492 1416 555 τῆς
1457 485 1676 552 ἡλικίας
1703 485 1795 538 καὶ

288 558 426 627 μετὰ
455 557 554 624 τὴν
575 558 815 624 ἄθλησιν
839 558 1129 625 νομοθέτης
1149 559 1334 616 αὐτοῖς
1356 557 1585 626 ἐγένετο,
1604 562 1797 628 μακρῷ

290 635 453 684 τοῦτο
505 631 723 698 ἄμεινον
775 633 1252 699 πολιτευσάμενος
1304 635 1370 700 τῇ
1416 630 1644 699 πατρίδι
1691 633 1798 683 τῶν

291 705 658 771 κηρυγμάτων
686 707 792 756 τῶν
828 705 882 757 ἐν
910 707 1022 761 τοῖς
1051 702 1314 761 σταδίοις.
1392 704 1539 774 φασὶ
1567 702 1624 756 δὲ
1651 704 1798 773 αὐτῷ

290 776 569 844 Διαγόραν
625 775 715 829 τὸν
780 777 1003 844 ΝΙήλιον
1068 776 1350 829 συνθεῖναι
1416 775 1540 833 τοὺς
1601 775 1796 843 νόμους

292 848 529 918 ἐραστὴν
569 849 870 917 γενόμενον.
964 850 1114 920 εἶχον
1159 848 1214 901 δέ
1259 871 1311 901 τι
1357 848 1449 901 καὶ
1491 848 1795 918 περαιτέρω

293 922 428 991 ὑπὲρ
470 921 790 992 Νικοδωρου
834 923 1021 974 εἰπεῖν·
1067 924 1135 977 ὡς
1177 921 1281 973 δ’
1254 944 1318 974 αν
1343 920 1417 989 μὴ
1448 920 1664 987 δοκοίην
1702 922 1796 973 καὶ

292 995 384 1047 τὸν
413 995 637 1047 ἔπαινον
677 993 768 1047 τὸν
812 998 910 1047 τοῦ
943 994 1218 1064 Διαγόρου
1260 994 1793 1063 προσπαραλαμβά-

293 1090 416 1127 νειν,
446 1069 496 1124 ἐς
537 1071 804 1121 τοσοῦτον
845 1066 1117 1133 διηνύσθω
1160 1067 1227 1119 τὰ
1267 1070 1363 1120 τοῦ
1389 1066 1578 1134 λόγου.
1659 1066 1799 1122 θεοῖς

291 1140 397 1208 γὰρ
455 1140 649 1210 ἐχθρὸς
713 1138 1012 1210 Διαγόρας,
1065 1140 1157 1192 καὶ
1229 1139 1290 1192 οὔ
1351 1162 1442 1205 μοι
1493 1138 1644 1205 ἥδιον
1706 1139 1798 1192 ἐπὶ

293 1212 605 1265 πλεῖστον2
641 1213 952 1282 μεμνῆσθαι
993 1212 1180 1266 αὐτοῦ.

370 1311 494 1357 Ibid.
525 1311 601 1374 fr.
769 1305 807 1358 ὦ
858 1306 1192 1375 Ξενοφάνεις
1237 1305 1330 1358 καὶ
1383 1303 1652 1375 Διαγόραι
1703 1305 1794 1358 καὶ

279 1378 557 1436 ’Ἵππωνες
586 1379 678 1431 καὶ
648 1314 1042 1448 33Ἐπίκουροι,
1072 1379 1164 1431 καὶ
1204 1382 1312 1434 πᾶς
1341 1376 1367 1430 ὁ
1394 1378 1594 1434 λοιπὸς
1627 1378 1796 1429 κατά-

293 1460 458 1519 λογος
510 1455 616 1504 τῶν
668 1451 1078 1520 κακοδαιμόνων
1131 1473 1188 1504 τε
1239 1451 1334 1503 καὶ
1386 1452 1527 1509 θεοῖς
1567 1449 1797 1521 ἐχθρῶν,

295 1525 489 1595 ἔρρετε.

370 1623 506 1670 Suid.
548 1616 828 1688 Διαγόρας
862 1616 887 1670 ὁ
929 1616 1169 1684 Μήλιος·
1211 1617 1300 1670 ἐπὶ
1345 1620 1452 1670 τῶν
1489 1615 1666 1669 ἀθέων
1704 1615 1800 1669 καὶ

297 1690 550 1744 ἀπίστων
591 1691 682 1744 καὶ
721 1691 963 1753 ἀσεβῶν.

851 1847 1239 1899 ΔΙΑΓΟΡΟΤ

956 1973 1129 2017 Μελῶν

998 2080 1042 2136 1,
1074 2081 1102 2126 2

354 2167 523 2208 Philod.
558 2184 599 2208 π.
633 2169 769 2213 εὐσεβ.
804 2180 845 2218 p.
872 2168 924 2206 85
956 2166 1078 2206 Gom.
1141 2168 1439 2217 ἀνθρωποειδεῖς
1471 2165 1549 2217 γὰρ
1580 2166 1723 2204 ἐκεῖνοι
1753 2166 1799 2205 οὐ

301 2222 528 2272 νομίζουσιν
550 2224 647 2261 ἀλλ’
667 2221 785 2274 ἀέρας
807 2222 871 2260 καὶ
892 2221 1101 2260 πνεύματα
1123 2223 1186 2261 καὶ
1218 2239 1256 2260 αι
1249 2219 1387 2272 ’θέρας.
1450 2220 1547 2259 ὅστ’
1570 2218 1702 2270 ἔγωγε
1724 2221 1798 2259 κᾶν

300 2280 549 2328 τεθαρρηκὼς
582 2294 615 2316 ε.
603 2281 732 2326 *παιμι
764 2275 930 2317 τούτους
965 2275 1163 2327 Διαγόρου
1186 2278 1351 2325 μᾶλλον
1376 2277 1645 2344 πλημμελεῖν·
1679 2276 1698 2312 ὁ
1724 2273 1800 2323 μὲν

299 2333 377 2386 γὰρ
399 2337 487 2373 ἔπαι
492 2338 568 2382 ξεν,
595 2334 746 2384 ssa-ep*
726 2349 800 2382 αρα
821 2331 885 2371 καὶ
906 2333 1017 2370 τοῦτ
1040 2334 1162 2371 αὐτοῦ
1185 2331 1300 2370 ἐστὶν
1319 2330 1419 2368 ἀλλ’
1445 2332 1516 2369 οὐκ
1535 2327 1799 2375 ἐπενήνεκται

301 2388 477 2439 καθάπερ
512 2390 553 2426 ἐν
584 2391 672 2427 Τοῖς
697 2385 930 2427 Μαντινέων
951 2386 1115 2426 Ἐθεσιν
1135 2383 1413 2438 Ἀριστόξενός
1433 2394 1575 2434 φησιν,
1602 2386 1644 2423 ἐν
1673 2383 1715 2422 δὲ
1744 2385 1796 2435 τῇ

300 2443 462 2490 ποιήσει
483 2445 532 2495 τῇ
563 2441 663 2494 μόνῃ
695 2443 868 2495 δοκόυσῃ
899 2443 989 2480 κατ’
1015 2442 1207 2487 ἀληθειαν
1239 2440 1301 2479 ὑπ’
1324 2441 1446 2478 αὐτοῦ
1465 2437 1693 2491 γεγραφθαι
1713 2440 1799 2476 τοῖς

467 2570 483 2594 ²
513 2582 600 2609 mss
621 2569 956 2618 εὐδοκιμωτάτοις
1240 2565 1257 2590 ²
1286 2567 1360 2614 ἡδὺ
1381 2566 1444 2605 ἐπὶ
1463 2568 1608 2605 πλεῖον

305 2659 367 2715 64
