1900 3072
793 606 1178 664 MTPTIAOE

919 741 1045 799 Βίος

301 873 437 922 Suid.
518 869 774 941 Κόριννα·
820 909 829 920 .
876 910 885 921 .
929 908 939 920 .
979 866 1258 934 μαθήτρια
1285 862 1580 933 Μυρτίδος.

303 977 430 1023 Ibid.
508 973 802 1042 Πίνδαρος·
860 1014 869 1025 .
928 1012 938 1024 .
993 1011 1004 1023 .
1057 968 1305 1039 μαθητὴς
1350 968 1405 1022 δὲ
1457 965 1734 1038 Μυρτίδος

229 1057 501 1127 Ὑυναικός.

302 1163 518 1208 Corinna
532 1160 616 1225 fr.
645 1161 718 1208 11.

302 1262 442 1312 Antlz.
478 1261 581 1307 Pal.
619 1262 662 1308 9.
696 1261 755 1307 26
834 1257 1209 1326 Ἀντιπάτρου
1251 1251 1730 1310 Θεσσαλονικέως·

229 1342 303 1399 εἷς·
331 1341 428 1398 τὰς
453 1340 644 1394 Ἐννέα
674 1338 915 1410 Λυρικὰς
943 1336 1265 1408 Ποιητρίας·

431 1487 442 1499 .
491 1444 750 1498 Νοσσίδα
804 1442 1217 1511 θηλύνγλωσσον
1269 1440 1347 1494 ἰδὲ
1407 1439 1732 1512 ’γλυκυαχέα

378 1531 439 1580 M
449 1528 615 1599 ύρτιν.
661 1570 670 1580 .
715 1568 725 1580 .

304 1633 413 1680 Tat.
443 1633 544 1680 adv.
577 1632 740 1680 Graec,
770 1634 831 1680 33
871 1629 951 1697 [π.
988 1627 1198 1685 εἰκόνας
1235 1627 1332 1685 τὰς
1365 1631 1469 1681 τῶν
1507 1626 1735 1696 ἐνδόξων

230 1714 547 1784 γυναικῶν]
581 1754 591 1764 .
626 1753 637 1765 .
671 1752 682 1764 .
713 1713 949 1770 Βοΐσκος
969 1711 1432 1783 (ἐχαλκούρνγησε)
1456 1710 1733 1780 Μυρτίδα.

791 1975 1178 2033 ΒῙΤΡΤΙΔΟΣ

899 2109 1064 2176 Μέλη

293 2235 408 2275 Plut.
438 2237 512 2283 Qu„
538 2237 608 2275 Gr.
636 2236 688 2275 40
746 2239 756 2257 ‘
771 2235 837 2275 Τίς
859 2237 1061 2274 Εὔνοστος
1081 2235 1183 2286 ἥρως
1207 2234 1248 2273 ἐν
1267 2232 1452 2286 Τανάγρᾳ
1475 2233 1538 2272 καὶ
1561 2233 1623 2272 διὰ
1642 2230 1732 2270 τίνα

230 2291 362 2330 αι’τίαν
391 2291 439 2329 τὸ
470 2290 601 2329 ἄλσος
633 2291 756 2329 αὐτοῦ
786 2290 965 2341 ’γυναιξὶν
994 2289 1226 2338 ἀνέμβατόν
1258 2287 1639 2336 ἐστιν;’-Ἐλιέως
1659 2287 1732 2325 τοῦ

234 2345 419 2396 Κηφίσου
459 2346 522 2382 καὶ
564 2345 731 2385 Σκιάδος
770 2348 972 2385 Εὔνοστος
1012 2343 1062 2391 ἦν
1102 2345 1197 2392 υἱός,
1235 2343 1263 2394 ᾧ
1302 2344 1426 2394 φασὶν
1462 2344 1538 2382 ὑπὸ
1577 2341 1732 2391 νύμφης

231 2401 437 2439 Εὐνόστας
466 2400 709 2449 ἐκτραφέντι
735 2402 858 2439 τοῦτο
885 2399 1077 2450 γενέσθαι
1107 2402 1296 2447 τοῦνομα.
1355 2399 1480 2438 καλὸς
1511 2395 1553 2436 δὲ
1584 2398 1637 2436 ὢν
1667 2393 1730 2434 καὶ

228 2454 383 2504 ,δίκαιος
414 2457 491 2504 οὐχ
523 2453 649 2501 ἧττον
678 2452 726 2500 ἧν
758 2456 929 2505 σώφρων
960 2455 1022 2492 καὶ
1055 2451 1268 2505 αὐστηρός·
1301 2453 1514 2501 ἐρασθῆναι
1536 2451 1578 2491 δὲ
1609 2450 1729 2490 αὐτοῦ

232 2508 429 2559 λέγουσιν
460 2510 634 2558 Ὄχναν,
669 2508 763 2557 μίαν
793 2512 874 2548 τῶν
907 2510 1095 2548 Κολωνοῦ
1131 2507 1361 2560 θυγατέρων
1395 2506 1561 2558 ἀνεψιὰν
1589 2504 1728 2545 οὖσαν·

237 2676 260 2706 2
