1900 3072
726 214 912 262 LYRA
961 210 1240 260 GRAECA

295 371 417 418 στρ.
440 346 477 401 ε’
556 346 678 413 μηδ’
711 344 898 399 ἀελίου
927 340 1211 413 προσιδεῖν

489 420 707 490 φέγγος·
750 417 880 469 ἀλλ’
913 416 973 468 οὐ
1000 415 1107 484 γάρ
1135 413 1213 471 τίς
1241 414 1394 466 ἐστιν

492 495 686 563 πρᾶξις
714 489 843 544 τάδε
869 486 1208 558 μυρομένοις,

488 565 599 637 χρὴ
629 569 770 619 κεῖνο
798 562 980 630 λέγειν
1007 561 1089 613 ὅτι
1119 558 1214 612 καὶ
1240 557 1433 626 μέλλει
1463 556 1654 609 τελεῖν.

373 651 451 691 165
491 638 597 707 ἦρά
626 660 706 694 τις
735 639 790 690 ἐν
815 635 1072 704 μεγάροις

490 711 688 778 Οἰνῆος
717 707 1017 779 ἀρηϊφίλου

490 784 643 838 ἔστιν
673 782 890 850 ἀδμήτα
918 779 1205 848 θυγάτρων

491 858 581 910 σοὶ
611 854 755 926 φυὰν
785 852 1015 922 ἀλιγκία
1029 873 1048 914 ,·

492 931 593 984 τάν
619 951 709 982 κεν
733 925 982 996 λιπαρὰν
1011 923 1213 977 ἐθέλων
1242 920 1434 988 θείμαν
1462 914 1704 970 ἄκοιτιν.’

380 1017 458 1056 170
498 1002 590 1056 τὸν
620 1002 675 1055 δὲ
701 998 1111 1069 μενεπτολέμου

488 1074 658 1148 ψυχὰ
688 1072 944 1142 προσέφα
973 1068 1193 1123 ἈἸελεά-

491 1165 642 1219 γρου·
686 1154 694 1174 ‘
717 1145 897 1198 Λίπον
924 1141 1294 1215 χλωραύχενα

492 1224 547 1275 ἐν
577 1221 791 1289 δώμασι
819 1219 1163 1286 Δαϊάνειραν,

493 1300 609 1362 νῆϊν
638 1294 717 1347 ἔτι
744 1289 988 1362 χρυσέας

377 1382 453 1420 175
495 1365 775 1437 Κύπριδος
811 1359 1255 1430 θελξιμβρότου.’

314 1444 429 1495 ἀντ.
452 1440 486 1494 ε’
564 1438 870 1493 λευκώλενε
900 1433 1229 1492 Καλλιόπα,

497 1517 711 1567 στᾶσον
739 1508 1028 1574 εὐποίητον
1055 1507 1203 1576 ἅρμα

494 1587 679 1639 αὐτοῦ·
721 1583 829 1636 Δία
857 1605 914 1635 τε
943 1579 1213 1649 Κρονίδαν

498 1662 741 1728 ὕμνησον
768 1655 1085 1723 Ὀλύμπιον
1111 1648 1361 1723 ἀρχαγὸν
1392 1649 1526 1701 θεῶν

381 1747 459 1785 180
500 1732 593 1785 τόν
621 1731 666 1783 τ’
698 1724 1120 1797 ἀκαμαντορόαν

497 1803 745 1875 Ἀλφὲρν
773 1799 1032 1856 Πέλοπός
1059 1820 1117 1851 τε
1144 1795 1281 1861 βίαν

497 1884 592 1938 καὶ
619 1881 826 1941 Πίσαν,
855 1879 960 1933 ἔνθ’
993 1877 1018 1931 ὁ
1045 1874 1294 1932 κλεεννὸς

499 1955 678 2011 ποσσὶ
706 1954 937 2009 νικάσας
966 1949 1144 2022 δρόμῳ

499 2031 669 2096 ἦλθεν
695 2026 982 2094 Φερένικος
1010 2025 1060 2080 ἐς
1088 2019 1391 2091 εὐπύργους
1417 2014 1701 2086 Συρακόσ-

382 2117 460 2156 185
501 2125 603 2160 σας
627 2100 831 2171 Ἱέρωνι
859 2096 1039 2169 φέρων

501 2172 840 2242 εὐδαιμονίας
868 2171 1129 2224 πέταλον.

502 2247 614 2319 χρὴ
643 2246 687 2298 δ’
714 2242 978 2300 ἀλαθείας
1005 2241 1169 2313 χάριν

501 2321 685 2381 αἰνεῖν,
717 2316 917 2388 φθόνον
944 2312 1350 2384 ἀμφοτέραισιν

500 2392 693 2465 χερσὶν
723 2388 1104 2455 ἀπωσάμενον,

385 2480 464 2520 190
504 2468 552 2520 εἴ
578 2487 658 2521 τις
684 2465 743 2518 εὖ
770 2462 1018 2533 πράσσοι
1044 2459 1278 2528 βροτῶν.

351 2543 438 2594 ἐπ.
463 2541 500 2592 ε’
566 2535 801 2592 Βοιωτὸς
824 2533 959 2603 ἀνὴρ
983 2530 1139 2604 τᾷδε1
1163 2528 1410 2600 φών[ησε
1430 2523 1751 2594 γλυκειᾶν]2

501 2609 757 2666 (Ησίοδος
784 2605 1069 2677 πρόπολος

503 2685 756 2742 Μουσᾶν,
786 2679 845 2733 ὃν
872 2679 938 2732 ἂν
964 2676 1230 2731 ἀθάνατοι
1251 2675 1494 2741 τι[μῶσι,
1518 2668 1749 2740 τούτῳ]3

259 2778 277 2808 1
290 2763 352 2822 56
