1900 3072
799 195 986 241 LYRA
1037 195 1318 243 GRAECA

354 425 460 464 Ath.
501 426 560 465 lO.
599 427 719 466 4463,
761 426 818 474 [π.
861 426 1004 475 οἵνου]·
1037 427 1056 464 ὃ
1092 423 1212 466 αὐτός
1246 435 1374 478 φησιν
1399 424 1644 478 Ἀντιφάνης
1671 428 1716 467 ἐν
1747 433 1805 479 τῷ

297 479 545 532 Τραυματίᾳ·
583 483 616 520 ‘.
654 511 662 522 .
695 511 703 520 .
738 480 954 532 παραδίδου
975 479 1010 518 δ’
1035 481 1127 530 ἑξῆς
1152 481 1236 531 ἐμοὶ
1264 481 1270 537 Ι
1296 482 1369 520 τὸν

881 554 1230 624 ἀρκεσίγυιον

303 652 354 690 ὡς
393 649 537 700 ἔφασκ
569 649 792 697 Εὐριπίδης.
823 649 933 700 Ι-Β.
974 650 1184 698 Εὐριπίδης
1222 652 1300 701 γὰρ
1335 650 1449 690 τοῦτ’
1483 651 1689 702 ἔφασκεν,·
1681 652 1802 694 ·—A.

301 704 413 744 ἀλλὰ
433 705 520 753 τίς;
547 704 557 776 Ι
576 705 656 744 -Β,
682 703 893 753 Φιλόξενος
916 704 1124 750 δήπουθεν.
1149 709 1233 746 -Α,
1261 706 1376 745 οὐθὲν
1395 707 1588 758 διαφέρει,
1617 706 1623 758 Ι
1650 706 1709 746 ὧ’
1713 705 1805 746 τάν·

304 758 496 812 ἐλέγχεις
517 763 557 809 μ’
579 759 696 799 ἕνεκα
718 762 938 806 συλλαβῆς
958 763 1064 809 μιᾶς.

1031 986 1090 1032 17

364 1083 581 1136 Theophr.
619 1085 667 1122 dc
713 1084 852 1122 Ventis·
896 1084 948 1123 38
983 1084 1042 1134 [π.
1077 1083 1301 1134 Ζεφύρου];
1341 1086 1436 1123 πνεῖ
1468 1084 1501 1123 δ’
1537 1086 1703 1134 ἐνιαχοῦ
1736 1083 1811 1133 μὲν

305 1138 520 1190 χειμέριος,
558 1140 646 1177 ὅθεν
678 1141 741 1177 καὶ
780 1141 798 1177 ὁ
826 1139 996 1185 ποιητὴς
1031 1141 1158 1184 δυσαῆ
1189 1136 1533 1191 προσηγόρευσεν,
1568 1140 1736 1191 ἐνιαχοῦ
1767 1139 1809 1179 δὲ

304 1196 474 1246 μετρίως
496 1195 559 1234 καὶ
579 1197 784 1243 μαλακῶς,
810 1194 868 1232 διὸ
891 1193 954 1232 καὶ
975 1191 1186 1244 Φιλόξενος

960 1269 1146 1322 ἁδεῖαν

308 1365 430 1404 αὐτοῦ
451 1363 645 1411 πεποίηκε
665 1363 741 1410 τὴν
762 1362 900 1409 πνοήν.

1033 1496 1092 1543 18

362 1584 475 1624 Plin.
503 1584 623 1624 HN.
651 1584 713 1626 37.
742 1585 789 1624 31
852 1584 1142 1623 Phaethontis
1172 1583 1356 1622 fulmine
1385 1583 1465 1623 icti
1495 1595 1663 1622 sorores
1686 1582 1814 1623 luctu

307 1644 503 1679 mutatas
523 1640 568 1677 in
589 1638 764 1678 arbores
784 1639 969 1691 populos
990 1638 1182 1678 lacrimis
1213 1638 1424 1678 electrum
1454 1637 1658 1677 omnibus
1687 1638 1813 1677 annis

308 1694 494 1733 fundere
523 1694 651 1732 iuxta
681 1693 924 1732 Eridanum
955 1707 1140 1742 amnem,
1166 1706 1295 1745 quem
1326 1692 1499 1732 Padum
1521 1706 1742 1742 vocamus,
1766 1700 1813 1732 et

309 1749 521 1788 electrum
559 1748 845 1800 appellatum,
890 1749 1098 1800 quoniam
1143 1748 1207 1787 sol
1256 1748 1480 1787 vocitatus
1527 1748 1587 1787 sit
1633 1748 1809 1797 Elector,

309 1804 486 1855 plurimi
530 1809 687 1854 poetae
725 1802 889 1852 dixere,
934 1804 1169 1855 primique,
1209 1807 1260 1841 ut
1298 1801 1506 1851 arbitror,
1550 1801 1808 1854 Aeschylus,

309 1858 592 1907 Philoxenus,
617 1857 867 1910 Euripides,
893 1857 1090 1910 Satyrus,
1116 1856 1353 1898 Nicander.

1035 2067 1094 2114 19

365 2155 441 2193 Ar.
475 2152 591 2193 Nub.
617 2154 696 2194 335
754 2157 1076 2195 ΣΤΡΕΨΙΑΔΗΣ
1107 2152 1171 2193 καὶ
1202 2156 1487 2194 ΣΩΚΡΑΤΗΣ·
1519 2157 1592 2194 ΣΤ.
1618 2153 1734 2193 ταῦτ’
1755 2152 1816 2204 ἄρ’

311 2209 472 2248 ἐποίουν
493 2210 620 2258 ὑγρᾶν
641 2211 835 2259 Νεφελᾶν
856 2209 1165 2260 στρεπταίγλαν
1195 2207 1305 2248 δάϊον
1335 2206 1472 2259 ὁρμάν,
1494 2204 1502 2261 Ι
1526 2206 1761 2258 πλοκάμους
1783 2211 1816 2246 θ’

313 2261 630 2313 ἑκατογκεφάλα
649 2267 768 2313 Τυφῶ
789 2263 1088 2315 πρημαινούσας
1107 2280 1154 2304 τε
1177 2264 1367 2311 θυέλλας,
1391 2261 1396 2316 Ι
1415 2262 1488 2302 εἶτ’
1504 2264 1650 2313 ἀερίας,
1671 2261 1818 2314 διεράς,

310 2320 496 2370 γαμψοὺς
511 2317 671 2359 οἰωνοὺς
689 2319 938 2370 ἀερονηχεῖς,
961 2317 966 2371 Ι
986 2320 1160 2370 ὄμβρους
1178 2321 1210 2358 θ’
1228 2317 1383 2358 ὑδάτων
1399 2319 1593 2369 δροσερᾶν
1609 2321 1817 2370 Νεφελᾶν·

313 2373 384 2413 εἶτ’
408 2375 495 2414 ἀντ’
517 2376 648 2412 αὐτῶν
669 2375 884 2414 κατέπινον
908 2374 913 2425 Ι
940 2376 1117 2426 κεστρᾶν
1146 2372 1310 2425 τεμάχη
1336 2375 1524 2424 μεγαλᾶν
1543 2372 1700 2422 ἀγαθᾶν
1719 2371 1816 2425 κρέα

311 2428 351 2468 τ’
375 2429 547 2479 ὀρνίθεια
567 2431 760 2477 κιχηλᾶν.

370 2537 386 2562 ¹
416 2539 541 2578 there
589 2551 689 2590 may
739 2538 791 2578 be
840 2551 957 2578 some
1006 2538 1171 2578 'nidden
1218 2537 1322 2590 joke
1369 2537 1472 2577 here
1519 2536 1691 2578 besides
1738 2537 1816 2578 the

312 2593 622 2646 exaggeration

313 2653 410 2711 396
