1900 3072
750 215 935 261 LYRA
985 213 1266 260 GRAECA

317 347 414 393 Cic.
462 345 595 394 ND.
636 348 679 395 3.
714 347 775 394 37
847 351 899 392 at
946 360 1326 407 nonnumquam
1379 345 1535 391 bonos
1588 347 1754 391 exitus

247 425 440 472 habent
463 425 594 471 boni.
669 440 753 471 eos
791 423 997 486 quidem
1030 426 1293 485 arripimus
1330 423 1753 485 attribuimusque

248 507 355 550 sine
381 503 483 549 ulla
506 506 701 550 ratione
728 502 803 548 dis
830 501 1215 549 immortalibus
1281 507 1334 548 at
1355 500 1618 563 Diagoras,
1638 517 1753 547 cum

248 581 644 629 Samothraciam
671 583 909 638 venisset,
935 580 1130 626 Atheos
1155 579 1241 625 ille
1267 583 1353 642 qui
1378 579 1579 638 dicitur,
1599 585 1752 642 atque

248 664 294 706 ei
319 659 524 723 quidam
548 663 736 706 amicus
764 665 776 685 ‘
796 659 889 716 Tu,
914 662 999 721 qui
1026 658 1147 704 deos
1174 664 1320 720 putas
1347 657 1567 704 humana
1590 657 1752 720 negli-

247 755 383 800 gere,
410 755 579 785 nonne
612 737 971 783 animadvertis
998 753 1059 783 ex
1085 743 1163 783 tot
1193 736 1378 782 tabulis
1415 739 1564 799 pictis
1602 753 1753 799 quam

246 817 394 864 multi
419 820 546 863 votis
574 820 672 862 vim
697 818 1019 877 tempestatis
1047 815 1318 876 effugerint
1354 818 1407 860 in
1444 820 1749 877 portumque

245 896 367 942 salvi
426 895 789 957 pervenerint?
813 894 821 908 '
908 899 921 919 ‘
945 893 1022 939 Ita
1072 893 1158 950 fit,'
1209 897 1375 956 inquit
1397 909 1407 948 ;
1459 901 1469 918 ‘
1486 893 1559 938 illi
1610 896 1743 939 enim

246 990 492 1037 nusquam
513 977 635 1036 picti
661 979 780 1019 sunt
805 975 889 1034 qui
915 970 1176 1033 naufragia
1195 971 1430 1018 fecerunt
1449 975 1501 1016 in
1522 974 1747 1033 marique

246 1052 538 1114 perierunt.'
611 1051 848 1113 idemque
887 1067 1000 1096 cum
1035 1053 1081 1096 ei
1106 1053 1367 1112 naviganti
1395 1056 1640 1107 vectores,
1665 1049 1749 1095 ad-

246 1147 386 1176 versa
420 1136 730 1192 tempestate
771 1128 936 1175 timidi
977 1135 1030 1174 et
1071 1131 1345 1190 perterriti,
1371 1128 1605 1174 dicerent
1642 1144 1744 1173 non

243 1212 425 1255 iniuria
448 1210 541 1255 sibi
567 1208 694 1254 illud
719 1206 947 1253 accidere
973 1210 1058 1270 qui
1084 1206 1224 1252 ilium
1253 1210 1305 1251 in
1331 1206 1546 1253 eandem
1566 1222 1747 1252 navem

243 1291 572 1350 recepissent,
598 1286 824 1333 ostendit
858 1288 928 1331 eis
965 1288 1017 1330 in
1044 1284 1222 1331 eodem
1251 1302 1397 1331 cursu
1422 1284 1606 1331 muitas
1631 1284 1751 1331 alias

243 1365 529 1412 laborantes
572 1367 921 1428 quaesivitque
976 1380 1098 1409 num
1151 1366 1303 1409 etiam
1352 1367 1404 1409 in
1443 1367 1502 1409 iis
1541 1363 1751 1409 navibus

245 1444 516 1506 Diagoram
542 1443 657 1490 vehi
695 1442 979 1488 crederent.
1053 1444 1122 1487 sic
1149 1445 1284 1487 enim
1311 1458 1364 1488 se
1390 1458 1468 1488 res
1496 1441 1668 1499 habet,
1694 1447 1752 1488 ut

245 1522 307 1568 ad
344 1538 633 1584 prosperam
671 1521 1033 1582 adversamque
1067 1518 1336 1577 fortunam,
1363 1519 1525 1583 qualis
1564 1522 1630 1566 sis
1663 1526 1751 1565 aut

245 1600 672 1663 quemadmodum
697 1601 895 1655 vixeris,
915 1596 1041 1643 nihil
1067 1601 1279 1644 intersit.

316 1717 423 1763 Tat.
445 1716 545 1764 adv.
570 1716 732 1763 Graec.
763 1717 823 1763 27
864 1708 1143 1780 Διαγόρας
1171 1709 1463 1776 Ἀθηναῖος
1484 1708 1564 1776 ἦν,
1597 1709 1746 1762 ἀλλὰ

247 1799 437 1848 τοῦτον
460 1793 902 1864 ἐξορχησάμενον
930 1792 998 1844 τὰ
1027 1793 1159 1861 παρ’
1199 1791 1514 1858 Ἀθηναίοις
1539 1793 1747 1859 μυστή-

245 1900 336 1946 ρια
363 1876 770 1947 τετιμωρήκατε
806 1875 898 1927 καὶ
927 1879 1037 1932 τοῖς
1072 1874 1329 1944 Φρυγίοις
1356 1876 1526 1929 αὐτοῦ
1551 1874 1749 1944 Adryas-

245 1960 671 2032 ἐντυγχάνοντες
699 1960 838 2026 ἡμᾶς
864 1958 1225 2027 μεμισήκατε.

319 2082 429 2129 Ael.
484 2081 609 2128 VH.
658 2081 700 2127 2.
749 2080 811 2128 22
872 2076 1279 2142 εὐνομωτάτους
1341 2075 1598 2144 ’γενέσθαι
1655 2077 1746 2130 καὶ

247 2158 564 2216 Μαντινέας
637 2156 817 2210 ἀκούω
891 2158 1044 2211 οὐδὲν
1108 2158 1274 2224 ἧττον
1334 2162 1562 2227 Λοκρῶν
1625 2159 1746 2212 οὐδὲ

248 2245 477 2314 Κρητῶν
495 2241 615 2294 οὐδὲ
634 2239 1081 2308 Λακεδαιμονίων
1099 2241 1278 2294 αὐτῶν
1296 2241 1405 2295 οὐδ’
1422 2241 1745 2308 Ἀθηναίων·

246 2327 445 2394 σεμνὸν
470 2325 577 2394 Γγάρ
605 2346 656 2377 τι
695 2329 886 2394 χρῆμα
926 2324 1017 2376 καὶ
1057 2323 1116 2376 τὸ
1157 2323 1405 2383 Σόλωνος
1444 2324 1671 2393 ἐγένετο,
1701 2324 1748 2378 εἰ

246 2410 338 2462 καὶ
365 2407 502 2476 μετὰ
531 2411 708 2460 ταῦτα
738 2406 1022 2472 Ἀθηναῖοι
1063 2407 1206 2460 κατὰ
1238 2407 1406 2475 μικρὰ
1434 2410 1543 2461 τῶν
1568 2407 1745 2476 νόμων

329 2536 345 2561 ²
375 2542 422 2577 at
444 2536 519 2576 the
549 2533 713 2586 temple
733 2533 778 2573 of
803 2534 879 2573 the
907 2533 1093 2581 Cabeiri,
1118 2539 1365 2586 protectors
1386 2535 1432 2575 of
1451 2535 1662 2576 mariners

788 2589 804 2613 ²
835 2588 889 2629 ef.
925 2589 1048 2641 Diog.
1076 2588 1122 2630 L.
1149 2590 1185 2629 6.
1212 2591 1264 2630 59

247 2659 307 2704 62
