1900 3072
766 190 953 236 LYRA
1004 189 1281 236 GRAECA

272 317 412 406 πρὸς
455 317 579 376 τοὺς
629 317 993 375 πλινθιακους
1046 318 1298 388 πραχθὲν
1347 317 1517 372 εἶπεν·
1577 318 1774 373 ἐκεῖνος

265 393 371 460 γὰρ
400 390 468 442 τὰ
495 392 665 443 αὑτοῦ
692 394 871 448 κακῶς
908 390 1138 463 ἄδοντας
1172 390 1395 448 τούτους
1429 388 1773 453 καταλαβὼν

269 462 430 520 αὐτὸς
471 463 566 520 τὰς
614 463 877 520 πλίνθους
924 464 1104 516 αὐτῶν
1157 463 1546 528 συνεπάτησεν
1589 461 1773 521 εἰπών,

266 534 447 593 ἩΩς
425 540 572 603 υμεῖς
600 535 670 588 τὰ
697 535 799 604 ε’μὰ
828 536 1168 607 διαφθείρετε
1195 535 1348 603 κάγὼ
1378 535 1445 588 τὰ
1473 532 1736 605 ὑμέτεραῖ

341 630 470 692 App.
502 630 639 677 Stob.
669 630 743 676 Fl.
771 634 818 676 11.
850 632 925 679 13.
954 632 1015 678 86
1095 630 1176 698 [ἐκ
1217 632 1325 681 τῶν
1360 627 1775 717 Ἀριστωνύμου

268 700 555 771 Τομαρίων
585 700 677 754 καὶ
706 698 1074 769 Σωκράτους]·
1116 700 1461 769 Φιλόξενος
1438 725 1463 754 ο
1491 699 1772 766 μουσικός,

269 774 557 844 ἐρωτηθεὶς
620 772 673 826 τί
733 774 986 839 μάλιστα
1053 778 1303 844 συνεργεῖ
1359 772 1602 847 παιδεία,
1654 772 1775 827 εἶπε

270 845 542 917 ’Χρόνοςῖ

343 941 468 988 Ibid.
531 940 604 987 Fl
667 941 799 987 Μὀη.
864 942 961 989 260
1074 940 1158 1008 [ἐκ
1230 943 1336 993 τῶν
1406 937 1774 1009 Δημοκρίτου,

267 1011 624 1078 Ἐπικτήτου,
658 1013 751 1065 καὶ
792 1012 986 1082 ἑτέρων
1027 1013 1371 1083 φιλοσόφων,
1402 1016 1645 1078 ποιητῶν
1682 1011 1776 1064 καὶ

270 1084 555 1156 ῥητόρων]·
592 1084 886 1153 Φιλόξενος
904 1085 1133 1175 παρῄνει
1153 1089 1424 1155 προτιμᾶν
1447 1088 1554 1138 τῶν
1575 1084 1775 1152 γονέων

271 1158 396 1215 τοὺς
425 1157 861 1218 διδασκάλους,
843 1159 927 1211 ότι
955 1158 1005 1211 οί
1029 1159 1126 1226 μὲν
1153 1163 1329 1226 γονεῖς
1360 1162 1457 1212 τοῦ
1487 1160 1579 1224 ζῆν
1612 1155 1777 1224 μόνον

270 1230 321 1284 οἶ
348 1230 402 1283 δὲ
431 1230 760 1283 διδάσκαλοι
789 1235 885 1283 τοῦ
911 1234 1097 1288 καλῶς
1130 1233 1220 1302 ζῆν
1248 1232 1415 1284 αι’τιοι
1438 1229 1748 1299 γεγόνασιν.

345 1325 479 1372 Suid.
555 1323 968 1391 Ἀντιγενείδης·
1034 1323 1287 1395 Σατύρου
1349 1326 1600 1391 Θηβαῖος
1649 1346 1775 1389 μου·

272 1395 442 1456 σικός,
509 1396 758 1466 αὐλῳδὸς
822 1397 1141 1464 Φιλοξένου.
1239 1397 1394 1455 οὗτος
1459 1395 1778 1464 ὑποδήμασι

273 1467 574 1534 Μιλησίοις
624 1473 833 1537 πρῶτος
885 1470 1185 1540 ἐχρήσατο.
1263 1470 1355 1524 καὶ
1402 1468 1677 1537 κρόκωτον
1720 1470 1778 1521 ἐν

272 1546 346 1612 τῷ
415 1544 702 1612 Κωμαστῇ
766 1545 1174 1612 περιεβάλλετο
1227 1543 1455 1612 ἱμάτιον.
1560 1543 1777 1613 ἔγραψε

269 1615 427 1682 μέλη·

346 1710 495 1756 A1ist.
527 1708 628 1755 Pol.
658 1711 702 1757 8.
733 1712 776 1758 7.
808 1711 932 1758 1342
961 1711 992 1756 b
1069 1713 1229 1761 πᾶσα
1265 1708 1372 1778 γὰρ
1406 1707 1655 1779 βακχεία
1682 1707 1778 1761 καὶ

272 1784 432 1832 πᾶσα
484 1780 515 1844 ἡ
561 1778 788 1844 τοιαύτη
831 1779 1043 1845 κίνησις
1084 1783 1339 1850 μάλιστα
1382 1784 1490 1834 τῶν
1533 1782 1779 1850 ὀργάνων

274 1853 426 1906 εστὶν
468 1854 523 1904 ἐν
568 1856 680 1909 τοῖς
733 1853 939 1913 αὐλοῖς,
983 1859 1089 1907 τῶν
1142 1854 1185 1907 δ’
1237 1855 1507 1923 ἁρμονιῶν
1558 1856 1613 1907 ἐν
1665 1856 1777 1910 τοῖς

273 1925 549 2013 Φρυγιστὶ
583 1925 777 1992 μελεσι
804 1927 1082 1994 λαμβάνει
1111 1930 1287 1980 ταῦτα
1317 1925 1378 1979 τὸ
1405 1927 1635 1994 πρέπον,
1664 1925 1776 1978 οἷον

275 1998 299 2050 6
330 1996 668 2067 διθύραμβος
698 1997 1144 2067 ὁμολογουμένως
1174 1999 1308 2052 εἶναι
1337 1999 1486 2052 δοκεῖ
1520 1997 1777 2069 Φρύγιον.

273 2071 367 2123 καὶ
420 2070 617 2122 τούτου
669 2070 863 2123 πολλὰ
927 2071 1350 2140 παραδείγματα
1412 2073 1675 2139 λέγουσιν
1727 2069 1779 2123 οἱ

273 2143 396 2212 περὶ
449 2142 547 2208 τὴν
598 2142 823 2195 σύνεσιν
873 2144 1080 2209 ταύτην
1142 2144 1295 2197 άλλα
1359 2166 1418 2197 τε
1482 2143 1574 2196 καὶ
1636 2141 1777 2196 διότι

272 2215 565 2281 Φιλόξενος
629 2215 959 2285 ἐγχειρησας
1025 2220 1079 2270 ἐν
1130 2221 1195 2286 τῇ
1248 2215 1494 2310 Δωριστὶ
1544 2220 1779 2281 ποιῆσαι

272 2287 613 2357 διθύραμβον
660 2310 783 2344 τους
823 2289 1093 2346 1»Ιύσους1
1131 2291 1236 2360 οὐχ
1277 2288 1387 2346 οἷός
1438 2287 1481 2341 τ’
1523 2289 1605 2355 ἦν,
1646 2285 1775 2340 ἀλλ’

274 2360 381 2412 ὑπὸ
409 2365 504 2425 τῆς
532 2360 747 2429 φύσεως
775 2362 943 2427 αὐτῆς
975 2361 1233 2428 ἐξεπεσεν
1263 2363 1338 2418 εἰς
1369 2360 1468 2428 τὴν
1503 2358 1778 2431 Φρυγιστὶ

275 2432 371 2500 τὴν
400 2433 798 2501 προσήκουσαν
825 2433 1087 2500 (ιρμονίαν
1115 2434 1304 2488 πάλιν.

710 2565 724 2588 ²
756 2564 1019 2607 Schneider:
1054 2579 1141 2606 mss
1162 2566 1307 2619 μύθους

275 2643 369 2701 376
