1900 3072
719 206 905 255 LYRA
954 207 1235 254 GRAECA

479 336 656 406 τάφον
685 335 740 389 δὲ
769 336 1043 401 ναυβάται

477 408 659 479 φωτὸς
689 410 1044 478 ὑπεράφανον

385 491 440 530 50
480 482 699 549 θάρσος·
739 480 932 535 εΑλίου
962 505 1019 536 τε
1039 483 1275 552 ’γαμβρῷ
1298 480 1555 553 χόλωσεν
1575 480 1728 552 ἦτορ,

480 553 676 623 ὕφαινέ
701 577 759 607 τε
786 554 1078 608 ποταινίαν

478 632 659 694 μῆτιν,
690 626 837 680 εἶπέν
866 645 937 680 τε·
978 626 1423 695 (Μενγαλοσθενὲς

483 702 587 752 Ζεῦ
615 699 807 771 πάτερ,
838 700 1095 754 ἄκουσον·
1139 700 1289 770 εἴπερ
1315 723 1381 767 με
1407 699 1596 770 νύμφα

482 771 759 826 Φοίνισσα
785 773 1123 863 λευκώλενος
1154 773 1242 826 σοὶ
1271 771 1438 833 τέκεν,

389 859 441 897 55
483 850 576 899 νῦν
603 844 886 915 πρόπεμπ’
916 847 1012 900 ἀπ’
1041 848 1272 938 οὐρανοῦ
1298 844 1434 899 θοὰν

479 918 882 989 πυριέθειραν’
855 919 1155 990 αστραπὰν

483 990 611 1060 σᾶμ’
641 991 958 1062 ἀρίγνωτον·
999 992 1045 1045 εἰ

480 1063 534 1117 δὲ
562 1064 653 1118 καὶ
681 1065 744 1118 σὲ
772 1064 1061 1132 Τροιζηνία
1089 1064 1404 1136 σεισίχθονι

480 1136 750 1206 φύτευσεν
777 1138 957 1208 Αίθρα
986 1140 1186 1191 Ποσει-

389 1221 442 1260 60
485 1209 621 1270 δᾶνι,
650 1209 803 1264 τόνδε
829 1211 1069 1281 χρύσεον

481 1282 663 1353 χειρὸς
691 1284 906 1351 ιἰὙλαὸν

481 1356 664 1424 ἔνεγκε
692 1355 900 1423 κόσμον
929 1357 987 1408 ἐκ
1016 1354 1251 1418 βαθείας
1280 1355 1430 1416 ἁλός,

481 1428 641 1482 δικὼν
670 1429 863 1497 θράσει
891 1432 1051 1496 σῶμα
1079 1429 1286 1499 πατρὸς·
1315 1431 1366 1487 ἐς
1396 1428 1606 1497 δόμους.

479 1501 651 1555 εἴσεαι
680 1501 721 1554 δ’
751 1500 859 1555 αἴκ’
889 1502 1019 1569 ἐμᾶς
1048 1501 1188 1572 κλύῃ

389 1588 441 1626 65
481 1573 709 1645 Κρόνιος
736 1575 903 1646 εὐχᾶς

483 1647 879 1716 ἀναξιβρέντας
910 1646 934 1700 ὁ
963 1647 1189 1701 πάντων
1215 1647 1451 1718 μεδῳνῖ
1471 1648 1491 1680 1

270 1788 393 1832 στρ.
421 1765 478 1828 β’
556 1765 690 1818 κλύε
719 1765 761 1817 δ’
788 1765 1077 1834 ἄμεμπτον
1103 1765 1274 1837 εὐχὰν
1299 1764 1640 1833 μεγασθενὴς

483 1838 631 1898 Ζεύς,
661 1838 935 1909 ὑπέροχόν
963 1838 1021 1891 τέ
1049 1838 1100 1891 οἱ
1123 1839 1331 1909 τέκμαρ
1349 1839 1370 1871 2
1395 1838 1639 1910 φύτευσε

483 1910 645 1980 τίμαν
669 1911 818 1982 φίλῳ
844 1911 1022 1965 θέλων

393 1996 445 2036 70
485 1984 641 2038 παιδὶ
672 1984 980 2054 πανδερκέα
998 1985 1019 2016 3
1047 1983 1221 2050 θέμεν,

485 2056 749 2127 ἄστραψέ
780 2055 843 2109 θ’·
887 2056 911 2110 ὁ
943 2056 999 2110 δὲ
1027 2056 1370 2127 θυμαρμένον

483 2129 609 2182 ἰδὼν
638 2130 797 2200 τέρας
823 2129 1036 2184 πέτασε
1062 2134 1252 2201 χεῖρας
1269 2130 1291 2163 4

485 2201 696 2256 κλυτὰν
723 2204 773 2259 ἐς
800 2202 994 2272 αἰθέρα
1019 2202 1421 2271 μενεπτόλεμος
1449 2203 1590 2272 ἥρως

485 2274 621 2344 εἶρέν
649 2292 723 2328 τε·
767 2284 779 2303 ‘
799 2277 1004 2341 Θησεῦ,
1034 2273 1150 2329 τάδ’
1180 2275 1281 2343 ἐμὰ
1299 2275 1320 2307 5

392 2360 444 2399 75
482 2348 578 2415 μὲν
603 2348 838 2411 βλέπεις
867 2353 1023 2418 σαφῆ
1050 2347 1177 2404 Διὸς

487 2420 650 2490 δῶρα·
693 2420 765 2473 σὺ
793 2419 834 2472 δ’
865 2420 1006 2489 ὄρνυ’
1034 2420 1120 2477 ἐς6
1147 2421 1253 2484 βα-

483 2493 764 2563 ρύβρομον
791 2492 1052 2561 πέλαγος·
1097 2491 1363 2563 Κρονίδας

485 2565 540 2618 δέ
566 2587 650 2619 τοι
676 2565 860 2635 πατὴρ
889 2565 1029 2633 ἄναξ
1055 2570 1205 2620 τελεῖ

235 2676 324 2708 102
