1900 3072
784 238 970 286 LYRA
1020 237 1297 285 GRAECA

431 368 780 439 ἐξαρμονίους
810 366 1218 436 ὑπερβολαίους
1247 367 1292 420 τ’
1322 366 1578 424 ἀνοσίους

334 455 388 494 25
427 444 521 496 καὶ
545 445 857 511 νιγλάρους,
888 440 1078 510 ὥσπερ
1107 462 1166 493 τε
1192 439 1290 498 τὰς
1316 440 1598 510 ῥαφάνους
1625 441 1761 508 ὅλην

430 515 702 583 καμπῶν1
728 537 794 582 με
821 513 1212 582 κατεμέστωσε
1254 554 1264 566 .
1309 554 1319 566 .
1363 514 1415 567 ,2

431 589 533 641 κᾶν
561 587 762 658 ἐντύχῃ
791 586 898 640 πού
927 609 1019 654 μοι
1045 585 1353 656 βαδιζούσῃ
1381 584 1532 657 μόνῃ,

431 659 673 714 ἀπέδυσε
701 659 970 713 κάνέλυσε
997 659 1223 729 χορδαῖς
1250 658 1481 712 ἕνδεκα.3

285 755 377 808 καὶ
403 751 858 844 Ἀριστοφάνης(
834 777 859 806 ο
888 753 1124 843 κωμικὸς
1144 752 1462 820 μνημονεύει
1487 752 1789 820 Φιλοξένου

286 827 378 880 καί
429 833 600 893 φησιν
643 828 728 880 ὅτι
772 826 845 882 εἰς
891 826 1015 883 τοὺς
1060 823 1322 882 κυκλίους
1366 825 1606 896 χοροὺς4
1648 825 1788 894 μέλη

280 900 653 968 εἰσηνέγκατο.
729 899 823 951 καὶ
860 897 1028 951 ἄλλοι
1066 897 1119 950 δὲ
1154 897 1533 968 κωμῳδοποιοὶ
1573 897 1784 967 ἔδειξαν

284 972 382 1040 τὴν
409 972 649 1026 ἀτοπίαν
675 975 784 1025 τῶν
809 970 948 1039 μετὰ
983 975 1159 1024 ταῦτα
1192 971 1290 1036 τὴν
1316 970 1590 1038 μουσικὴν
1615 993 1786 1024 κατα-

283 1044 768 1116 κεκερματικότων.

359 1140 488 1189 Plut.
538 1140 667 1188 Mus.
721 1140 779 1187 12
860 1137 942 1206 [π.
1009 1136 1362 1205 καινοτομίας
1433 1136 1530 1194 τὰς
1590 1137 1787 1208 ῥυθμο-

285 1212 522 1281 ποιῖῶν]·
576 1210 697 1264 ἔστι
735 1209 789 1263 δέ
829 1233 910 1267 τις
944 1209 1291 1278 Ἀλκμανικὴ
1334 1209 1652 1279 καινοτομία
1696 1212 1789 1263 καὶ

284 1283 694 1355 Στησιχόρειος,
760 1283 853 1336 καὶ
916 1283 1079 1336 αὐταὶ
1143 1284 1239 1335 οὐκ
1304 1284 1632 1353 ἀφεστῶσαι
1693 1288 1790 1337 τοῦ

284 1361 476 1410 καλοῦ.
553 1357 759 1426 Κρέξος
806 1356 859 1409 δὲ
907 1357 1001 1410 καὶ
1046 1355 1308 1424 Τιμόθεος
1354 1356 1447 1409 καὶ
1498 1355 1791 1424 Φιλόξενος

285 1431 376 1483 καὶ
413 1430 463 1483 οἱ
499 1430 622 1483 κατ’
650 1429 848 1487 αὐτοὺς
877 1428 975 1496 τὴν
1003 1427 1222 1494 ἡλικίαν
1251 1427 1537 1494 Γγε’γονότες
1563 1429 1789 1494 ποιηταὶ

286 1503 676 1573 φορτικώτεροι
717 1502 809 1555 καὶ
849 1500 1332 1573 φιλοκαινότεροι5
1371 1501 1652 1570 Γγενγόνασι,
1694 1501 1788 1555 τὸν

285 1576 681 1646 φιλάνθρωπον
746 1575 837 1628 καὶ
904 1574 1199 1640 θεματικὸν
1254 1578 1344 1628 νῦν
1399 1573 1788 1643 ὀνομαζόμενον

285 1648 488 1715 τρόπον
528 1648 832 1716 διώξαντες·
874 1671 971 1715 την
998 1647 1103 1716 «γὰρ
1132 1646 1529 1718 ὀλιγοχορδίαν
1563 1648 1656 1700 καὶ
1691 1647 1789 1714 τὴν

284 1720 580 1787 ἁπλότητα
609 1721 704 1774 καὶ
729 1720 1041 1787 σεμνότητα
1068 1726 1162 1788 τῆς
1197 1725 1466 1788 μουσικῆς
1502 1724 1790 1777 παντελῶς

284 1795 560 1866 ἀρχαικὴν
587 1794 725 1847 εἶναι
753 1793 1128 1862 συμβέβηκεν.

353 1889 477 1935 Ibid.
509 1890 582 1938 21.

362 1982 487 2028 Plut.
519 1982 628 2027 [πεί.
659 1981 769 2027 Lac.
803 1983 861 2030 17
941 1976 986 2029 εἰ
1013 1975 1069 2030 δέ
1106 1999 1185 2033 τις
1223 1973 1569 2045 παραβαίνοι
1605 1997 1657 2028 τι
1694 1980 1789 2042 τῆς

284 2048 523 2119 ἀρχαίας
557 2054 844 2116 μουσικῆς,
883 2050 980 2101 οὐκ
1012 2049 1333 2118 ἐπέτρεπον·
1374 2047 1528 2107 ἀλλὰ
1564 2047 1659 2100 καὶ
1694 2048 1790 2102 τὸν

283 2121 633 2191 Τέρπανδρον
670 2121 1095 2192 ἀρχαϊκώτατον
1127 2124 1259 2174 ὄντα
1296 2120 1390 2174 καὶ
1424 2121 1655 2191 ἄριστον
1682 2124 1788 2174 τῶν

285 2195 409 2248 καθ’
440 2193 631 2247 ἑαυτὸν
657 2194 979 2265 κιθαρῳδῶν
1005 2196 1100 2248 καὶ
1129 2198 1235 2247 τῶν
1263 2196 1510 2265 ἡρωϊκῶν
1536 2194 1790 2262 πράξεων

342 2309 356 2333 1
387 2309 551 2349 Ehnsl:
597 2322 682 2347 mss
723 2308 916 2360 κάμπτων
1067 2309 1082 2332 ²
1112 2309 1189 2348 the
1229 2310 1254 2349 3
1293 2308 1336 2349 ll.
1376 2308 1615 2361 beginning
1654 2309 1786 2361 ἐξαρμ.

283 2363 438 2416 placed
465 2364 568 2402 here
595 2363 655 2415 by
675 2365 713 2403 B
743 2378 862 2404 come
889 2366 934 2403 in
959 2364 1037 2404 the
1066 2377 1154 2403 mss
1185 2363 1300 2403 after
1331 2365 1600 2415 εἰσηνέγκατο
1627 2363 1783 2412 below,

283 2419 428 2458 where
468 2418 577 2469 they
625 2431 699 2458 are
746 2419 964 2471 preceded
1009 2418 1067 2471 by
1105 2419 1129 2466 ἡ
1173 2419 1215 2457 δὲ
1260 2421 1444 2467 Μουσικὴ
1494 2419 1610 2471 λέγει
1656 2421 1786 2458 ταῦτα

284 2472 300 2496 ³
330 2473 485 2520 Mein„
521 2472 574 2512 ef.
614 2473 801 2514 Nicom:
845 2487 932 2514 mss
968 2474 1121 2513 δώδεκα
1274 2472 1290 2497 ⁴
1319 2474 1439 2526 perh.
1475 2473 1673 2526 μονῳδικά
1708 2473 1786 2513 has

283 2527 419 2567 fallen
441 2532 520 2566 out
541 2527 788 2580 (westph.)
919 2528 936 2552 ⁵
963 2530 1025 2568 E:
1060 2541 1147 2567 mss
1170 2544 1314 2568 -καινοι

341 2636 357 2660 ¹
386 2650 432 2676 ον
452 2636 634 2676 devious
743 2637 759 2661 ²
790 2638 926 2687 καμπὴ
955 2637 1119 2677 ‘bend'
1141 2651 1190 2677 or
1215 2640 1225 2657 ‘
1239 2637 1418 2677 fiourish
1433 2638 1442 2655 ’
1463 2637 1551 2677 and
1574 2636 1710 2688 κάμπη
1736 2640 1785 2676 ‘a

287 2695 381 2740 286
