1900 3072
792 170 974 216 LYRA
1026 169 1307 216 GRAECA

296 302 402 351 τῶν
427 302 667 369 λυρικῶν
697 298 883 369 ἄνδρες
919 298 1164 367 ἐιγένοντο
1204 298 1430 364 ποιηταὶ
1469 300 1793 370 κρουμάτων

295 371 508 439 ἀνγαθοί·
558 373 650 425 καὶ
677 374 924 439 αὐλῆσαι
953 372 1009 424 δὲ
1036 375 1219 429 καλῶς
1247 373 1343 426 καὶ
1369 372 1494 441 περὶ
1521 372 1589 425 τὰ
1615 371 1791 426 λοιπὰ

292 444 426 514 μέρη
481 450 574 512 τῆς
628 446 931 512 συμπάσης
982 444 1232 502 παιδείας
1284 444 1483 502 ἱκανῶς
1536 444 1792 510 διαπονη-

295 518 475 589 θῆναι·
524 519 971 586 παραλλάξαντα
1004 517 1058 570 δὲ
1098 519 1197 581 τὴν
1236 522 1329 584 τῆς
1358 518 1532 586 ἀκμῆς
1572 517 1794 584 ἡλικίαν

295 593 435 643 οὕτω
466 591 685 661 σφόδρα
713 591 1126 658 ἐξαπατηθῆναι
1164 589 1271 642 ὑπὸ
1305 595 1398 656 τῆς
1437 596 1699 658 σκηνικῆς
1735 613 1793 644 τε

294 663 387 715 καὶ
443 663 702 754 ποικίλης
756 668 1038 731 μουσικῆς,
1095 665 1161 719 ὡς
1213 669 1636 732 καταφρονῆσαι
1687 667 1795 716 τῶν

294 739 484 788 καλῶν
509 735 726 789 ἐκείνων
761 737 816 789 ἐν
851 736 928 793 οἷς
966 736 1264 805 ἀνετράφη,
1293 734 1362 788 τὰ
1398 736 1700 803 Φιλοξένου
1736 736 1792 788 δὲ

293 809 388 862 καὶ
425 809 695 875 Τιμοθέου
731 808 1104 875 ἐκμανθάνειν,
1132 809 1226 861 καὶ
1264 809 1471 861 τούτων
1505 810 1687 862 αὐτῶν
1709 808 1794 862 τὰ

293 882 679 935 ποικιλώτατα
742 882 836 934 καὶ
893 881 1166 946 πλείστην
1227 882 1283 934 ἐν
1341 882 1529 940 αὑτοῖς
1590 882 1792 972 ἔχοντα

294 954 666 1023 καινοτομίαν·
730 954 1052 1024 ὁρμήσαντά
1100 954 1145 1006 τ’
1185 954 1277 1006 ἐπὶ
1322 953 1383 1007 τὸ
1430 959 1605 1008 ποιεῖν
1651 954 1793 1023 μέλη

294 1027 390 1079 καὶ
430 1028 856 1098 διαπειρωμενον
898 1026 1222 1096 ἀμφοτέρων
1270 1030 1374 1080 τῶν
1419 1026 1657 1093 τρόπων,
1696 1031 1793 1080 τοῦ

295 1122 353 1152 τε
419 1099 747 1171 Πινδαρείου
812 1099 906 1152 καὶ
963 1099 1329 1166 Φιλοξενείου,
1383 1100 1456 1167 μὴ
1523 1099 1794 1153 δύνασθαι

293 1174 598 1241 κατορθοῦν
626 1175 678 1226 ἐν
708 1178 781 1243 τῷ
818 1171 1146 1242 Φιλοξενείῳ
1172 1172 1331 1240 «γένει’
1378 1172 1709 1241 (γεγενῆσθαι
1746 1172 1794 1225 δ’

293 1245 473 1299 αἰτίαν
502 1245 598 1313 τὴν
628 1247 685 1299 ἐκ
715 1246 907 1303 παιδὸς
936 1244 1252 1310 καλλίστην
1281 1246 1520 1313 ιἰνγωνγήν.

368 1345 563 1393 Philod.
590 1345 715 1391 M'us.
746 1347 789 1393 9.
821 1345 896 1392 18.
929 1346 956 1392 6
987 1343 1186 1390 Kemke
1249 1339 1342 1391 καὶ
1383 1340 1506 1396 τοὺς
1535 1338 1791 1409 διθυραμ-

291 1413 488 1475 βικους
526 1412 580 1465 δὲ
617 1410 851 1505 τρόπους
889 1413 937 1464 εἴ
971 1433 1050 1468 τις
1090 1410 1399 1480 συσγκρίναι,
1430 1411 1523 1465 τόν
1558 1433 1615 1464 τε
1651 1411 1793 1464 κατὰ

295 1484 567 1555 Πίνδαρον
633 1485 726 1538 καὶ
792 1483 884 1537 τὸν
949 1482 1091 1536 κατὰ
1162 1483 1479 1552 Φιλόξενον,
1543 1485 1793 1553 με’γάλην

294 1558 693 1628 εὑρεθησεσθαι
742 1580 838 1623 την
882 1555 1154 1627 διαφορὰν
1198 1560 1306 1610 τῶν
1358 1556 1794 1628 ἐπιφαινομένων

293 1631 455 1697 ἠθῶν,
485 1631 578 1685 τὸν
605 1631 658 1684 δὲ
687 1630 851 1684 αὐτὸν
881 1629 1017 1683 εἶναι
1047 1628 1265 1699 τρόπον.

365 1729 478 1775 Sch.
509 1729 592 1775 Ar
623 1728 871 1776 Plut.179
945 1724 1062 1793 [ερᾷ
1091 1722 1146 1775 δὲ
1178 1723 1356 1790 Λαι”ς]·
1406 1763 1417 1774 .
1458 1763 1469 1776 .
1513 1763 1525 1776 .
1566 1723 1705 1790 αὕτη
1738 1722 1794 1776 δὲ

292 1797 541 1866 θυγάτηρ
582 1796 654 1889 ῆν
705 1794 1028 1863 Τιμάνδρας,
1084 1797 1200 1862 ἥτις
1253 1797 1311 1864 ἐξ
1359 1794 1646 1865 (Ὑκκάρων
1695 1801 1793 1863 τῆς

290 1866 601 1927 Σικελίας
572 1876 651 1934 ῆν.
705 1867 909 1934 ταύτην
938 1867 993 1920 δὲ
1023 1872 1095 1937 τῷ
1123 1867 1401 1938 Φιλοξένῳ
1431 1873 1504 1938 τῷ
1534 1869 1791 1938 διθυραμ-

290 1944 509 2012 βοποιῲ
542 1941 739 1993 δέδωκε
767 1942 1054 1998 Διονύσιος
1092 1940 1117 1993 6
1155 1943 1210 1994 ἐν
1237 1939 1465 1996 Σικελία
1494 1940 1767 2010 τύραννος.
1773 1943 1794 1975 1

290 2015 364 2072 εἰς
408 1997 678 2084 Κάρινθον
717 2013 809 2066 οὖν
852 2014 1019 2080 ἠλθεν
1065 2013 1178 2081 ἅμα
1218 1997 1498 2083 Φιλοξένῳ
1539 2013 1634 2066 καὶ
1678 2013 1791 2066 ἐπί-

293 2110 466 2155 σημος
503 2088 616 2140 ἐκεῖ
648 2086 858 2154 ἐγένετο
895 2086 987 2138 καὶ
1022 2086 1260 2156 ἐφιλήθη
1299 2086 1404 2139 ὑπὸ
1441 2086 1665 2140 πάντων
1697 2086 1792 2139 καὶ

291 2158 677 2230 περιβόητος
648 2182 713 2225 ην
740 2159 957 2228 ἑταιρίς.

366 2258 516 2306 Diod
545 2259 640 2307 Sic.
673 2259 749 2306 15.
779 2261 807 2307 6
883 2252 1027 2306 κατὰ
1068 2252 1124 2305 δὲ
1163 2251 1263 2318 τὴν
1301 2249 1561 2307 Σικελίαν
1600 2251 1789 2305 Διονύ-

294 2348 410 2383 σιος
451 2324 476 2378 ὁ
523 2329 630 2377 τῶν
674 2322 1031 2396 Συρακοσίων
1076 2326 1333 2395 τύραννος
1379 2324 1791 2392 ἀπολελυμένος

292 2402 399 2451 τῶν
425 2397 560 2468 πρὸς
590 2397 1003 2468 Καρχηδονίους
1032 2397 1291 2466 πολέμων
1322 2397 1542 2463 πολλὴν
1575 2397 1787 2466 εἰρήνην

291 2471 384 2523 καὶ
435 2470 653 2541 σχολὴν
706 2471 867 2541 εἶχεν.
947 2470 1025 2523 διὸ
1079 2471 1171 2523 καὶ
1223 2470 1508 2538 ποιήματα
1560 2471 1790 2540 ’γράφειν

292 2544 651 2610 ὑπεστησατο
689 2543 826 2612 μετὰ
868 2548 1086 2610 πολλῆς
1126 2542 1391 2610 σπουδῆς,
1431 2542 1523 2595 καὶ
1571 2543 1695 2600 τοὺς
1733 2543 1789 2596 ἐν

291 2625 387 2686 366
