1900 3072
807 194 894 242 LY
906 197 993 242 ΒΑ
1042 195 1323 242 GRAECA

678 328 739 380 οὐ
763 327 993 397 ψάμμος
1019 326 1053 394 ἢ
1082 325 1224 384 κόνις
1252 325 1286 394 ἢ
1312 326 1490 398 πτέρα

678 399 1081 468 ποικιλοθρόων
1103 401 1124 432 1
1151 400 1352 453 οἰωνῶν

676 472 883 527 τόσσον
913 473 979 526 ἂν
1005 472 1214 544 χεύαιτ’
1243 471 1489 543 ἀριθμόν,

311 568 457 619 ἀρετῆς
478 567 520 607 δὲ
540 570 631 617 μηδ’
654 567 846 608 ἐνύπνιον.

1035 622 1098 670 80

369 711 466 751 Sch.
494 710 620 751 Pind.
648 712 705 751 N.
726 713 763 751 6.
789 712 841 751 85
901 741 909 751 .
937 739 947 749 .
970 710 1042 752 οὐκ
1062 713 1106 750 ἐκ
1127 712 1381 762 παραδρομῆς
1403 708 1446 749 δὲ
1469 708 1638 760 ζάκοτόν
1659 709 1746 749 εἶπε
1767 711 1816 750 τὸ

313 766 405 817 δόρυ
425 770 499 805 τοῦ
528 768 776 816 Ἀχιλλέως,
803 766 948 805 ὡσανεὶ
979 767 1161 814 μείλινον
1191 768 1215 813 ἤ
1247 782 1287 804 τι
1317 769 1507 806 τοιοῦτον
1536 766 1636 804 αὐτὸ
1666 764 1745 818 ἔφη
1775 767 1818 804 ἐν

314 820 535 869 κοινότητι,
582 822 676 860 ἀλλ’
718 822 780 860 ὅτι
829 821 1033 873 ἶδιώτερον
1080 822 1185 872 παρὰ
1232 821 1283 860 τὰ
1331 821 1444 860 ἄλλα
1491 821 1810 861 κατεσκεύαστο.

313 876 469 927 δίκρουν
489 877 581 929 γάρ,
607 879 713 917 ὥστε
735 875 803 915 δύο
824 877 949 924 ἀκμὰς
971 876 1084 925 ἔχειν
1106 878 1168 915 καὶ
1191 881 1259 927 μιᾷ
1281 879 1386 928 βολῇ
1409 877 1531 916 δισσὰ
1544 876 1596 915 τὰ
1608 875 1816 927 τραύματα

313 930 622 983 ἀπεργάζεσθαι.
660 963 668 972 .
704 962 712 971 .
753 932 817 970 καὶ
859 934 1073 982 Σοφοκλῆς
1114 933 1156 971 ἐν
1193 932 1422 981 Ἀχιλλέως
1460 932 1677 984 Ἐρασταῖς
1721 932 1818 982 (152

313 986 534 1036 Pearson).
571 1019 580 1028 .
618 987 653 1027 .2

605 1062 867 1133 δίπτυχοι
893 1060 1001 1132 «γὰρ
1029 1061 1215 1115 ὀδύναι
1241 1084 1334 1128 μιν
1361 1061 1546 1131 ἤρικον
1565 1063 1586 1094 3

602 1133 941 1206 Ἀχιλληίου
972 1134 1210 1203 δόρατος.

1034 1282 1093 1330 81

369 1369 486 1465 ΡῙόιιῢ.
523 1371 621 1410 Non
654 1371 765 1410 Posse
794 1371 846 1410 26
905 1371 967 1410 καὶ
1000 1373 1355 1420 δυσανασχετοῦσι
1384 1369 1539 1410 τούτων
1569 1368 1814 1421 λεγομένων,

312 1427 362 1466 ὡς
383 1442 406 1465 τ
437 1442 444 1449 ·

459 1490 652 1544 ἔπειτα
681 1491 925 1544 κείσεται
953 1490 1304 1560 βαθυδένδρῳ

457 1565 512 1617 ἐν
540 1564 698 1635 χθονὶ
728 1564 1058 1630 συμποσίων
1086 1586 1143 1616 τε
1170 1563 1267 1616 καὶ
1291 1567 1465 1634 λυρᾶν
1493 1562 1716 1634 ἄμοιρος

459 1635 625 1709 ἰαχᾶς
652 1659 710 1690 τε
735 1636 1076 1707 παντερπέος
1104 1637 1307 1690 αὐλῶν.

365 1881 478 1922 Ibid.
504 1882 557 1925 ‘27
616 1882 704 1921 οὐδὲ
728 1882 869 1934 ῥᾳδίως
890 1884 971 1921 οὐδ’
991 1881 1156 1922 ἀλύπως
1178 1881 1386 1932 ἀκούομεν·

603 1958 672 2014 ὣς
700 1957 783 2028 ἄρ’
810 1957 1038 2011 εἰπόντα
1065 1980 1156 2025 μιν
1185 1956 1498 2026 ἀμβρόσιον

603 2031 875 2099 τηλαυγὲς
893 2031 915 2062 4
943 2030 1265 2084 ἐλασίππου
1293 2029 1633 2100 πρόσωπον5

603 2103 878 2157 ἀπέλιπεν
907 2103 1120 2174 ἁμέρας.

1030 2219 1093 2267 83

367 2316 434 2356 Id.
472 2318 628 2358 C'onsol.
667 2319 809 2369 Apoll.
843 2319 894 2356 28
953 2317 988 2356 εἶ
1021 2321 1123 2367 γοῦν
1161 2317 1186 2362 ἡ
1226 2315 1358 2364 Νιόβη
1397 2318 1500 2356 κατὰ
1538 2317 1632 2356 τοὺς
1670 2315 1814 2365 μύθους

309 2371 528 2423 πρόχειρον
550 2373 638 2422 εἶχε
659 2375 736 2419 τὴν
758 2370 960 2422 ὑπόληψιν
980 2373 1135 2419 ταύτην
1155 2372 1215 2410 ὅτι

367 2510 382 2534 1
412 2525 459 2550 so
491 2513 588 2550 Am.
611 2511 715 2550 Prol
736 2526 743 2550 z
777 2511 879 2550 here
904 2511 1073 2563 -τρίχων
1230 2511 1245 2535 2
1277 2524 1394 2550 some
1415 2509 1558 2550 words
1578 2509 1702 2562 prob.
1726 2509 1813 2550 lost

308 2565 510 2605 between
541 2571 630 2605 two
659 2566 882 2613 eitations,
908 2567 954 2605 of
983 2566 1126 2605 which
1148 2565 1251 2618 only
1272 2565 1349 2605 the
1369 2565 1466 2605 first
1493 2565 1530 2604 is
1552 2564 1744 2617 thought
1763 2571 1812 2605 to

311 2664 408 2713 454
