1900 3072
801 230 887 277 LY
897 231 986 277 ΒΑ
1037 230 1128 276 GR
1138 229 1317 276 AECA

304 362 498 427 ἐνάτην
544 360 751 431 χορδὴν
801 360 1199 430 προσκαθηψε,
1253 358 1345 412 καὶ
1396 356 1659 415 Ἱστιαῖος
1709 358 1808 424 τὴν

304 434 536 500 δεκάτην
573 432 598 486 6
640 433 1016 501 Κολοφώνιος,
1047 430 1361 499 Τιμόθεος
1338 454 1363 483 ο
1395 430 1680 520 Μιλήσιος
1708 429 1808 498 τὴν

305 507 611 572 ἑνδεκάτην,
640 506 732 559 καὶ
759 506 953 576 ἐφεξῆς
979 504 1162 558 ἄλλοι.
1240 502 1407 557 ἔπειτ’
1435 503 1508 561 εἰς
1545 503 1808 557 ὀκτωκαι-

304 580 534 644 δεκάτην
562 579 778 650 ἁνηχθη
807 578 1010 651 χορδὴν
1040 577 1100 630 τὸ
1130 576 1344 644 πλῆθος
1371 575 1503 647 παρ’
1531 576 1726 630 αὐτῶν.

373 688 527 734 Clem.
557 686 635 733 Al.
671 687 764 734 S.tr
806 688 845 733 1
891 687 984 733 133
1011 685 1154 750 (365)
1180 682 1345 751 μέλος
1385 705 1443 736 τε
1481 683 1554 736 αὖ
1592 686 1810 753 πρῶτος

306 758 596 827 περιέθηκε
623 761 737 813 τοῖς
761 756 1035 846 πριήμασι
1072 755 1166 808 καὶ
1200 755 1326 813 τοὺς
1364 755 1809 844 Λακεδαιμονίων

308 831 501 898 νόμους
554 828 921 894 ἐμελοποίησε
971 827 1316 899 Τερπανδρος
1368 827 1394 881 ὁ
1433 827 1809 889 Ἀντισσαῖος,

309 904 653 974 διθύραμβον
683 902 736 955 δὲ
765 900 1058 967 ἐπενόησεν
1082 905 1269 958 Λᾶσος
1288 900 1614 971 Ερμιονεύς,
1645 903 1812 970 ὕμνον

306 975 682 1065 Στησίχορος
701 974 988 1045 Ἱμεραῖος,
1040 974 1268 1045 χορείαν
1319 973 1574 1043 Ἀλκμὰν
1630 978 1811 1028 Λακε-

309 1048 601 1117 δαιμόνιος,
625 1048 693 1101 τὰ
714 1047 948 1117 ἐρωτικὰ
968 1046 1276 1116 Ἀνακρέων
1299 1047 1476 1114 Τήῖος,
1496 1046 1812 1118 ὑπόρχησιν

310 1122 582 1191 Πίνδαρος
636 1122 904 1185 Θηβαιος,
961 1121 1153 1186 νόμους
1205 1143 1264 1173 τε
1314 1123 1530 1191 πρῶτος
1574 1120 1706 1190 ᾖσεν
1757 1121 1814 1174 ἐν

309 1199 457 1266 χορῷ
489 1217 580 1246 και
608 1195 811 1266 κιθάρα
837 1192 1151 1261 Τιμόθεος
1127 1218 1153 1246 ο
1182 1192 1484 1260 Μιλησιος.

382 1299 510 1345 Plut.
539 1298 667 1345 Esus.
697 1299 726 1342 4
757 1297 804 1349 οἱ
827 1296 882 1348 δὲ
904 1300 997 1360 τῆς
1021 1296 1351 1366 κιθαρῳδίας
1373 1295 1524 1364 νόμοι
1546 1297 1815 1367 πρότερον

313 1375 508 1441 πολλῷ
538 1370 717 1441 χρόνῳ
755 1373 861 1422 τῶν
899 1369 1219 1438 αὐλῳδικῶν
1255 1369 1689 1436 κατεστάθησαν
1722 1370 1815 1423 ἐπὶ

309 1426 662 1533 Τερπάνδρου
714 1483 724 1494 .
771 1485 781 1495 .
828 1485 839 1496 .
887 1464 1188 1507 πεποιηται
1242 1441 1298 1495 δὲ
1352 1447 1426 1512 τῷ
1479 1442 1812 1512 Τερπάνδρῳ

311 1518 403 1571 καὶ
455 1515 721 1584 προοίμια
773 1514 1112 1585 κιθαρῳδικὰ
1155 1516 1209 1567 ἐν
1253 1514 1461 1568 ἔπεσιν.
1541 1515 1625 1568 ὅτι
1673 1514 1814 1568 δὀἱ

313 1589 663 1660 κιθαρῳδικοὶ
697 1586 849 1656 νόμοι
886 1588 934 1641 οἱ
970 1589 1152 1640 πάλαι
1193 1588 1302 1656 ἐξ’
1278 1591 1424 1641 επῶν
1451 1586 1807 1648 συνίσταντο,
1857 1603 1863 1606 “

317 1662 578 1731 Τιμόθεος
606 1660 871 1727 ἐδηλωσε·
952 1661 1076 1718 τοὺς
1103 1665 1236 1728 «γοῦν
1270 1660 1520 1730 πρώτους
1540 1659 1737 1725 νόμους
1763 1662 1819 1714 ἐν

315 1739 474 1789 ἔπεσι
541 1733 901 1801 διαμειὙνύων
965 1733 1372 1803 διθυραμβικὴν
1445 1733 1597 1802 λεξιν
1672 1732 1814 1802 ᾖδεν,

315 1808 461 1865 ὅπως
495 1806 568 1875 μὴ
605 1806 762 1864 εὐθὺς
799 1809 947 1877 φανῇ
978 1810 1310 1876 παρανομῶν
1342 1806 1415 1862 εἰς
1452 1807 1547 1873 τὴν
1576 1805 1819 1877 ἀρχαίαν

541 1880 553 1897 Ι

314 1902 603 1949 μουσικην.

387 1984 541 2031 Procl.
586 1983 760 2031 Chrest.
801 2001 879 2046 ap.
921 1983 1063 2030 Phot.
1107 1982 1231 2031 Bibl.
1280 1984 1377 2030 320
1415 2001 1443 2029 a
1481 1984 1542 2030 33
1584 1980 1610 2035 ὁ
1657 1981 1817 2050 νόμος

317 2057 591 2126 *γράφεται
641 2055 737 2124 μὲν
791 2056 862 2113 εἰς
910 2053 1269 2115 Ἀπόλλωνα,
1321 2054 1438 2126 ἔχει
1482 2054 1536 2107 δὲ
1581 2055 1675 2108 καὶ
1720 2054 1820 2122 τὴν

318 2127 630 2195 ἐπωνυμίαν
669 2127 766 2181 ἀπ’
805 2129 993 2181 αὐτου·
1048 2127 1269 2195 νόμιος1
1303 2127 1409 2198 «γὰρ
1451 2126 1477 2181 6
1516 2127 1820 2180 Ἀπόλλων

319 2201 621 2268 ἐπεκλήθη·
700 2201 783 2254 ὅτι
804 2203 912 2254 τῶν
938 2200 1184 2271 ἀρχαίων
1203 2200 1403 2271 χοροὺς
1429 2199 1704 2254 ἱστάντων
1725 2201 1818 2253 καὶ

318 2273 455 2344 πρὸς
493 2273 666 2327 αυλὸν
706 2274 738 2340 ἢ
773 2273 949 2343 λύραν
986 2273 1226 2327 α’δόντων
1267 2272 1359 2326 τὸν
1403 2272 1565 2342 νόμον
1602 2271 1819 2343 Χρυσό-

319 2347 470 2414 θεμις
511 2347 659 2413 Κρὴς
700 2349 914 2414 πρῶτος
952 2350 1129 2415 στολῇ
1170 2346 1521 2417 χρησάμενος
1557 2347 1822 2416 ἐκπρεπεῖ

317 2421 412 2472 καὶ
431 2418 666 2487 κιθάραν
683 2419 986 2481 ἀναλαβὼν
1005 2418 1078 2475 εἰς
1093 2418 1324 2486 μίμησιν
1344 2423 1441 2472 τοῦ
1460 2417 1820 2475 ’Λπόλλωνος

317 2491 478 2559 μόνος
496 2491 597 2561 ᾖσε
615 2490 896 2559 νόμον,καὶ
915 2490 1377 2558 εὐδοκιμήσαντος
1394 2491 1565 2545 αὐτοῦ
1584 2490 1820 2560 διαμένει

807 2623 824 2649 ¹·
857 2624 1037 2666 Schottz
1071 2639 1158 2665 mss
1178 2625 1339 2676 νόμιμος

326 2697 421 2743 290
