1900 3072
755 219 941 266 LYRA
991 220 1272 267 GRAECA

259 348 361 400 κάν
388 347 546 418 ἄλλῳ
576 347 631 402 δὲ
658 347 807 418 μέρει
835 348 993 417 φησί·

404 451 697 521 Φιλόξενος
724 452 873 513 ποθ’,
906 455 972 510 ὡς
998 450 1240 521 λε’«γουσ’,
1271 452 1297 506 6
1326 453 1600 544 Κυθήριος

405 525 609 593 ηύξατο
639 529 802 595 τριῶν
829 530 989 594 σχεῖν
1017 526 1110 580 τὸν
1136 526 1395 595 λάρυνγνγα
1423 531 1665 597 πήχεων,

409 598 587 656 (ὅπως
608 598 896 651 καταπίνω
914 597 1154 667 ’φησιν’
1173 599 1257 651 ὅτι
1278 603 1549 652 πλεῖστον
1564 598 1765 671 χρόνον

405 671 498 724 καὶ
526 670 690 724 πάνθ’
710 671 824 740 ἅμα
850 694 941 740 μοι
971 671 1039 725 τὰ
1066 671 1338 742 βρώμαθ’
1364 671 1557 739 ἡδονὴν
1583 677 1733 742 ποιῇ.

262 785 354 838 καὶ
399 785 659 852 Διοηένης
711 785 766 838 δὲ
812 784 837 838 6
880 784 1024 838 κύων
1067 784 1210 853 ὠμὸν
1254 785 1554 839 πολύποδα
1594 808 1761 840 κατα-

260 858 453 926 φαγὼν
504 858 824 924 ἐπιθεμένης
876 859 1026 928 αὐτῷ
1078 864 1172 926 τῆς
1217 859 1461 927 «γαστρὸς
1504 858 1761 913 ἀπέθανε.

260 932 383 997 περὶ
422 930 476 983 δὲ
515 936 611 984 τοῦ
646 930 949 1000 Φιλοξένου
984 931 1077 984 καὶ
1113 931 1138 984 6
1178 930 1430 1001 παρῳδὸς
1463 930 1764 1002 Σώπατρος

257 1002 437 1070 λέγων
463 1003 620 1074 φησί·

407 1118 630 1175 δισσαῖς
656 1118 764 1189 «γὰρ
792 1120 846 1172 ἐν
872 1118 1136 1187 μέσαισιν
1165 1118 1374 1190 ἰχθύων
1401 1124 1596 1189 φοραῖς

405 1192 575 1258 ἧσται
603 1191 694 1245 τὸν
723 1194 928 1258 Αἴτνης
955 1193 1005 1249 ἐς
1031 1191 1201 1260 μέσον
1226 1191 1485 1248 λεύσσων
1513 1191 1744 1246 σκοπόν.

335 1310 457 1374 Poly
460 1312 504 1357 b.
535 1312 579 1359 4.
609 1313 685 1360 20.
714 1313 744 1359 8
820 1313 997 1363 ταῦτα
1024 1309 1132 1379 «γὰρ
1162 1308 1336 1363 πᾶσίν
1364 1311 1484 1363 ἐστι
1517 1310 1764 1380 ’γνώριμα

260 1381 354 1434 καὶ
399 1382 630 1448 συνηθη,
675 1380 812 1435 διότι
858 1382 1063 1453 σχεδὸν
1104 1383 1258 1473 παρὰ
1301 1381 1483 1448 μόνοις
1523 1381 1764 1451 Ἀρκάσι

262 1457 479 1524 πρῶτον
517 1454 615 1522 μὲν
655 1454 704 1507 οἱ
745 1455 936 1512 παῖδες
969 1457 1027 1508 ἐκ
1063 1455 1274 1521 νηπίων
1307 1455 1452 1529 ᾀδειν
1493 1455 1763 1522 ἐθίζονται

260 1526 404 1580 κατὰ
432 1526 625 1594 νόμους
653 1527 776 1584 τοὺς
805 1529 1001 1595 ὕμνους
1027 1529 1120 1582 καὶ
1146 1533 1386 1586 παιᾶνας
1423 1529 1501 1586 οἷς
1538 1529 1764 1582 ἕκαστοι

260 1598 406 1652 κατὰ
435 1599 503 1653 τὰ
531 1600 739 1669 πάτρια
765 1601 890 1657 τοὺς
919 1601 1248 1672 ἐπιχωρίους
1274 1602 1453 1670 ἥρωας
1479 1602 1572 1654 καὶ
1607 1601 1764 1659 θεοὺς

261 1674 510 1739 ὑμνοῦσι·
573 1672 711 1740 μετὰ
763 1673 819 1726 δὲ
879 1678 1058 1727 ταῦτα
1122 1673 1245 1731 τοὺς
1308 1674 1609 1742 Φιλοξένου
1672 1675 1764 1728 καὶ

260 1745 526 1813 Τιμοθέου
572 1745 765 1813 νόμους
814 1747 1182 1813 μανθάνοντες
1233 1751 1422 1816 πολλῇ
1468 1746 1759 1818 φιλοτιμίᾳ

259 1818 552 1889 χορεύουσι
589 1820 709 1871 κατ’
746 1819 992 1872 ἐνιαυτὸν
1028 1823 1138 1876 τοῖς
1175 1823 1560 1876 Διονυσιακοῖς
1587 1820 1755 1885 αὐλη-

260 1895 375 1945 ταῖς
403 1892 457 1944 ἐν
485 1895 596 1948 τοῖς
624 1892 888 1961 θεάτροις,
910 1891 958 1944 οἱ
983 1893 1080 1957 μὲν
1106 1892 1296 1949 παῖδες
1323 1893 1447 1948 τοὺς
1476 1892 1762 1950 παιδικοὺς

260 1964 474 2030 ἀγῶνας
521 1964 571 2016 οἱ
611 1963 665 2016 δὲ
707 1967 987 2018 νεανίσκοι
1029 1965 1152 2022 τοὺς
1199 1968 1306 2018 τῶν
1350 1964 1559 2034 ἀνδρῶν
1601 1973 1760 2032 λεΎο-

257 2036 462 2101 μένους·
517 2036 711 2104 ὁμοίως
750 2059 811 2105 «γε
849 2038 956 2106 μὴν
994 2038 1086 2090 καὶ
1125 2038 1259 2107 παρ’
1308 2037 1438 2091 ὅλον
1490 2037 1583 2090 τὸν
1633 2037 1763 2102 βίον

259 2110 355 2166 τὰς
385 2109 698 2177 διαογωγὰς1
736 2110 831 2167 τὰς
871 2111 925 2162 ἐν
963 2115 1083 2167 ταῖς
1123 2109 1444 2168 συνουσίαις
1479 2111 1585 2178 οὐχ
1618 2110 1760 2164 οὕτω

260 2185 546 2235 ποιοῦνται
574 2181 662 2234 διὰ
690 2187 797 2236 τῶν
822 2183 1169 2237 ἐπεισάκτων
1197 2183 1559 2251 ἀκροαμάτων
1591 2184 1659 2239 ὡς
1695 2181 1760 2235 δι’

260 2255 440 2307 αὐτῶν
469 2254 573 2307 ἀνὰ
599 2254 759 2325 μέρος
789 2254 934 2328 ᾄδειν
964 2255 1236 2322 ἀλλήλοις
1263 2255 1724 2325 προστάττοντες.

332 2372 452 2418 Ath.
476 2374 551 2421 14.
573 2375 666 2422 643
683 2373 715 2419 d
792 2377 968 2425 ταῦτα
985 2373 1076 2426 καὶ
1099 2372 1125 2425 ὁ
1151 2372 1424 2441 Κυθήριος
1444 2371 1758 2440 Φιλόξενος·

259 2442 317 2495 ὃν
344 2444 581 2496 ἐπαινῶν
610 2443 941 2514 Ἀντιφάνης
970 2446 1025 2498 ἐν
1053 2449 1127 2513 τῷ
1155 2447 1573 2515 Τριταγωνιστῇ
1601 2444 1758 2515 φησί·

709 2592 726 2617 ²
755 2592 1010 2646 Schweigh:
1043 2606 1129 2633 mss
1148 2593 1315 2653 ᾆγωγάς

258 2672 355 2729 380
