1900 3072
953 575 1196 626 ΩΙΔΩΝ

959 700 1196 764 εἷσαγωγή

399 812 519 859 Pol]
561 816 590 861 i
634 813 697 860 38
782 806 839 860 αἱ
883 806 938 860 δὲ
983 808 1056 864 εἰς
1102 808 1256 864 θεοὺς
1302 807 1440 879 α’δαὶ
1490 812 1680 866 κοινῶς
1730 809 1829 877 μὲν

331 884 573 940 παιᾶνες,
603 880 776 947 ύμνοι,
808 878 956 937 ἰδίως
992 879 1045 934 δὲ
1078 880 1397 950 Ἀρτέμιδος
1436 882 1598 950 ὕμνος
1633 882 1826 950 οὔπιγ-

329 976 440 1020 γος,
476 950 837 1009 ’Λπόλλωνος
877 951 903 1006 ὁ
944 954 1133 1014 παιάν,
1173 954 1498 1024 ἀμφοτέρων
1536 953 1827 1024 προσόδια,

330 1025 602 1078 Διονύσου
660 1024 1014 1130 διθύραμβος,
1070 1026 1355 1097 Δήμητρος
1415 1028 1613 1084 ἴουλος·
1679 1027 1829 1084 λίνος

328 1097 434 1167 γὰρ
462 1099 553 1151 καὶ
579 1097 903 1166 λιτυέρσης1
920 1098 1249 1152 σκαπανέων
1277 1099 1411 1171 ᾠδαὶ
1437 1099 1531 1153 καὶ
1557 1103 1826 1170 γεωργῶν.

399 1217 527 1263 Hdt.
575 1218 616 1265 4.
662 1219 724 1266 35
774 1216 857 1283 [π.
904 1213 1115 1284 ’Ἄργης
1160 1214 1254 1267 καὶ
1291 1212 1534 1282 ”Ωπιος]·
1588 1213 1681 1267 καὶ
1720 1212 1829 1285 γὰρ

330 1283 565 1375 ἀγείρειν
619 1290 719 1356 σφι
774 1286 871 1343 τὰς
922 1290 1202 1354 γυναῖκας,
1263 1287 1710 1355 ἐπονομαζούσας
1762 1286 1830 1340 τὰ

329 1356 607 1424 οὐνόματα
637 1359 691 1411 ἐν
719 1365 792 1430 τῷ
823 1360 968 1430 ὕμνῳ
997 1359 1090 1412 τόν
1117 1365 1221 1428 σφι
1247 1358 1425 1427 Ὠ-λὴν
1451 1359 1586 1430 ἀνὴρ
1628 1360 1830 1418 Λύκιος

329 1430 557 1495 ἐποίησε
598 1472 608 1483 .
655 1473 665 1484 .
710 1474 719 1485 .
762 1432 918 1489 οὗτος
958 1432 1013 1485 δὲ
1054 1432 1079 1485 ὁ
1106 1431 1285 1500 Ὠλὴν
1324 1433 1414 1486 καὶ
1455 1431 1579 1489 τοὺς
1620 1432 1829 1490 ἄλλους

327 1502 451 1560 τοὺς
478 1505 755 1563 παλαιοὺς
795 1507 992 1573 ὕμνους
1033 1505 1261 1571 ἐποίησε
1299 1507 1359 1558 ἐκ
1399 1504 1605 1570 Λυκίης
1633 1505 1827 1566 ἐλθών,

329 1575 453 1633 τοὺς
481 1576 820 1642 ἀειδομένους
849 1580 901 1631 ἐν
927 1578 1111 1648 Δήλῳ.

397 1692 587 1739 Callim.
619 1693 684 1740 H.
716 1693 823 1741 Del.
852 1694 949 1742 304

368 1779 417 1832 οἱ
443 1780 542 1847 μὲν
569 1780 895 1834 ὑπαείδουσι
923 1780 1084 1848 νόμον
1114 1779 1339 1834 Λυκίοιο
1365 1781 1632 1852 γέροντος,

367 1853 424 1905 ὅν
453 1875 536 1906 τοι
565 1854 673 1907 ἀπὸ
703 1855 944 1911 Ξάνθοιο
974 1852 1278 1924 θεόπροπος
1305 1853 1508 1922 ἤγαγεν
1534 1852 1729 1922 Ὠλήν·

370 1925 427 1977 αἱ
456 1925 509 1978 δὲ
540 1926 666 1980 ποδὶ
694 1927 1023 1995 πλήσσουσι
1045 1925 1316 1998 χορίτιδες
1338 1926 1593 1998 ἀσφαλὲς
1619 1928 1793 1984 οὖδας.

398 2038 458 2088 Il.
487 2043 514 2087 i.
545 2040 643 2088 474

368 2127 419 2180 οἱ
446 2126 502 2180 δὲ
529 2127 853 2197 πανημέριοι
881 2133 1073 2198 μολπῇ
1102 2127 1223 2181 θεὸν
1251 2127 1548 2182 ἱλάσκοντο

369 2199 546 2254 καλὸν
567 2200 832 2258 ἀείδοντες
861 2203 1099 2266 παιήονα
1128 2205 1315 2268 κοῦροι
1343 2202 1605 2272 Ἀχαιῶν,

366 2273 672 2339 μέλποντες
699 2275 972 2344 ἑκάεργον·
1009 2272 1034 2326 ὁ
1060 2275 1113 2327 δὲ
1137 2273 1305 2344 φρένα
1333 2273 1547 2344 τέρπετ’
1565 2272 1793 2327 ἀκούων.

400 2388 587 2435 Archil.
618 2391 679 2438 76
707 2388 876 2451 Bergk

406 2475 568 2532 αὐτὸς
597 2477 847 2547 ἐξάρχων
875 2475 1008 2546 πρὸς
1036 2475 1208 2528 αὐλὸν
1237 2475 1484 2542 Λέσβιον
1512 2475 1767 2542 παιήονα.

905 2603 922 2629 ²
950 2617 1037 2643 mss
1059 2601 1265 2655 λιτιέρσης

334 2671 432 2728 488
