1900 3072
803 247 991 293 LYRA
1041 246 1320 292 GRAECA

314 379 397 417 ἐπεὶ
422 378 463 417 δὲ
492 381 693 427 πειρῶσαν
715 378 734 415 ὁ
757 378 959 417 Εὔνοστος
979 375 1236 428 ἀπετρέψατο
1267 376 1331 415 καὶ
1361 375 1605 428 λοιδορήσας
1633 377 1815 422 ἀπῆλθεν

311 435 366 473 εἷς
388 434 482 472 τοὺς
496 433 700 483 ἀδελφοὺς
722 430 1028 482 κατηγορήσων,
1048 430 1224 479 ἔφθασεν
1239 432 1262 478 ἡ
1281 429 1473 482 παρθένος
1490 432 1616 471 ταύτὸ
1631 429 1816 482 πράξασα

313 489 400 528 κατ’
425 488 579 528 ἐκείνου
600 487 664 527 καὶ
686 487 886 538 παρώξυνε
916 487 1012 526 τοὺς
1039 487 1242 538 ἀδελφοὺς
1264 484 1447 536 Ἔχεμον
1474 487 1537 525 καὶ
1567 484 1722 526 Λέοντα
1751 486 1814 526 καὶ

310 541 517 583 Βούκολον
545 543 778 582 ἀποκτεῖναι
805 544 878 581 τὸν
903 542 1119 590 Εὔνοστον,
1148 544 1198 581 ὣς
1226 541 1324 590 πρὸς
1356 542 1450 585 βίαν
1479 543 1577 593 αὐτῇ
1610 557 1813 593 συγγεγε-

313 595 496 647 νημένον.
558 599 702 637 ἐκεῖνοι
722 594 796 646 μὲν
817 596 886 636 οὖν
909 595 1216 648 ἐνεδρεύσαντες
1238 594 1479 636 ἀπέκτειναν
1499 597 1573 635 τὸν
1589 597 1814 636 νεανίσκον·

313 655 332 691 ὃ
374 651 416 691 δὲ
456 654 612 692 Ἐλιεὺς
654 654 827 692 ἐκείνους
869 652 1027 698 ἔδησεν·
1078 651 1103 697 ἦ
1145 653 1177 690 δ’
1212 649 1352 701 Ὄχνα
1398 650 1707 701 μεταμελομένη
1752 652 1816 692 καὶ

310 706 496 758 γέμουσα
515 710 712 760 ταραχῆς,
739 708 820 757 ἅμα
839 705 914 755 μὲν
933 706 1060 753 αὑτὴν
1081 705 1313 755 ἀπαλλάξαι
1345 704 1522 746 θέλουσα
1548 707 1623 752 τῆς
1653 707 1716 746 διὰ
1743 707 1818 746 τὸν

313 763 442 813 ἔρωτα
471 760 615 811 λύπης,
650 762 731 811 ἅμα
761 765 793 801 δ’
824 760 1059 812 οἶκτίρουσα
1087 761 1183 801 τοὺς
1211 760 1429 811 ἀδελφούς,
1465 761 1684 812 ἐξήγγειλε
1717 763 1816 813 πρὸς

311 818 385 857 τὸν
416 816 552 858 Ἐλιέα
580 819 717 856 πᾶσαν
745 818 822 864 τὴν
853 815 1060 863 ἀλήθειαν,
1086 817 1237 855 ἐκεῖνος
1266 814 1307 854 δὲ
1337 822 1526 866 Κολωνῷ·
1560 819 1752 856 Κολωνοῦ
1773 816 1816 856 δὲ

313 870 553 913 δικάσαντος
576 874 611 912 οἷ
630 872 706 922 μὲν
726 871 898 921 ἆδελφοὶ
919 872 995 917 τῆς
1017 869 1177 920 Ὄχνας
1205 871 1372 922 ἔφυγον,
1398 871 1500 918 αὐτὴ
1526 870 1569 910 δὲ
1590 870 1813 922 κατεκρήμ-

316 944 427 967 νισεν
458 927 620 976 ἑαυτήν,
648 930 697 968 ὡς
719 927 872 977 Μυρτὶς
902 925 926 972 ἡ
949 926 1183 971 Ἀνθηδονία
1212 927 1402 978 ποιήτρια
1420 929 1556 976 μελῶν
1583 927 1813 978 ἱστόρηκεν.

314 985 386 1022 τοῦ
409 983 450 1022 δὲ
472 983 677 1023 Εὐνόστου
697 984 747 1021 τὸ
767 983 898 1033 ἡρῷον
919 981 982 1019 καὶ
1011 981 1059 1019 τὸ
1081 982 1209 1021 ἄλσος
1232 980 1359 1020 οὕτως
1379 981 1612 1030 ἀνέμβατον
1633 982 1818 1033 ἐτηρεῖτο

314 1038 379 1078 καὶ
401 1036 743 1089 ἀπροσπέλαστον
763 1034 957 1088 γυναιξίν,
981 1036 1089 1074 ὥστε
1109 1034 1312 1075 πολλάκις
1335 1039 1513 1085 σεισμῶν
1541 1036 1565 1083 ἢ
1596 1037 1765 1086 αὐχμῶν
1792 1036 1817 1083 ἢ

316 1097 532 1142 διοσημιῶν
549 1095 690 1133 ἄλλων
702 1090 931 1143 ’γενομένων
944 1090 1157 1139 ἀναζητεῖν
1172 1092 1234 1129 καὶ
1249 1094 1604 1144 πολυπραγμονεῖν
1621 1093 1819 1142 ἐπιμελῶς

314 1156 410 1189 τοὺς
429 1147 715 1200 Ταναγραίους,
740 1149 795 1198 μὴ
817 1145 971 1195 λέληθε
992 1146 1096 1196 γυνὴ
1116 1144 1173 1197 τῷ
1194 1144 1304 1197 τόπῳ
1324 1145 1606 1194 πλησιάσασα.
