1900 3072
859 483 1250 540 ΤΕΛΕΣΤΟΤ

989 577 1116 635 Βίος

373 683 545 732 Marm.
576 685 687 730 Par.
719 687 777 733 65
858 681 950 752 ἀφ’
1000 682 1060 735 οὗ
1106 681 1382 747 Τελέστης
1428 678 1803 738 Σελινούντιος

300 754 547 820 ἐνίκησεν
597 754 899 822 Ἀθήνησιν
951 754 1043 820 ἔτη
1097 756 1493 815 ΗΔΔΔΓἾΙΙΙ,
1537 754 1805 825 ἄρχοντος

301 828 608 895 Ἀθήνησιν
635 828 910 886 λΙίκωνος.

376 922 521 970 Diod.
563 922 656 969 Sic.
701 924 776 971 14.
813 924 873 971 45
913 919 1028 987 [393
1067 919 1179 986 B.c.]
1268 919 1529 987 ἤκμασαν
1568 919 1622 973 δὲ
1660 919 1805 972 κατὰ

303 998 496 1047 τοῦτον
549 991 641 1045 τὸν
693 992 938 1046 ἐνιαυτὸν
991 992 1041 1045 οἱ
1092 992 1494 1060 ἐπισημότατοι
1546 993 1804 1062 διθυραμ-

299 1065 542 1131 βοποιοί,
571 1065 866 1134 Φιλόξενος
894 1065 1181 1133 Κυθήριος,
1212 1066 1473 1133 Τιμόθεος
1501 1065 1802 1132 ᾎΙιλήσιος,

301 1139 578 1204 Τελέστης
619 1135 1008 1200 Σελινούντιος,
1051 1136 1326 1196 Πολύϊδος
1365 1138 1418 1195 ὃς
1462 1138 1554 1192 καὶ
1600 1141 1804 1208 ζωγρα-

305 1217 467 1282 φικῆς
495 1212 588 1264 καὶ
615 1217 887 1280 μουσικῆς
914 1211 1060 1282 εἶχεν
1090 1211 1392 1279 ἐμπειρίαν.

377 1306 611 1368 Apollon.
633 1306 756 1353 Hist.
778 1305 894 1355 Mir.
915 1307 977 1354 4Ο
1051 1302 1429 1372 Ἀριστόξενος
1471 1303 1497 1357 ὁ
1543 1302 1807 1370 μουσικὸς

306 1379 359 1431 ἐν
413 1381 486 1446 τῷ
539 1376 819 1430 Τελέστου
875 1375 985 1446 Βίῳ
1035 1377 1224 1467 φησίν,
1280 1383 1428 1447 ώπερ
1480 1378 1535 1430 ἐν
1591 1376 1808 1429 Ἰταλία

307 1448 690 1517 συνεκύρησεν,
746 1448 852 1502 ὑπὸ
905 1448 998 1502 τὸν
1050 1448 1215 1502 αὐτὸν
1266 1448 1455 1519 καιρὸν
1515 1432 1806 1517 γίγνεσθαι

305 1523 477 1588 πάθη,
532 1524 603 1576 ὧν
655 1522 710 1575 ἓν
760 1521 897 1575 εἶναι
949 1522 1041 1575 καὶ
1094 1521 1154 1574 τὸ
1207 1523 1332 1592 περὶ
1383 1522 1480 1580 τὰς
1543 1526 1808 1590 «γυναῖκας

305 1595 589 1663 Ὑενόμενον
663 1594 892 1648 ἄτοπον.
993 1596 1285 1652 ἐκστάσεις
1348 1595 1454 1663 ’γὰρ
1516 1594 1806 1663 «γίγνεσθαι

305 1668 562 1724 τοιαύτας
603 1667 746 1721 ὥστε
785 1666 956 1721 ἐνίοτε
999 1667 1307 1735 καθημένας
1346 1669 1439 1720 καὶ
1479 1667 1807 1724 δειπνούσας

308 1743 377 1798 ὡς
441 1740 742 1798 καλοῦν-τός
804 1763 947 1798 τινος
1010 1739 1326 1801 ὑπακούειν,
1381 1739 1499 1793 εἶτα
1561 1739 1808 1805 ἐκπηδᾶν

307 1812 729 1884 ἀκατασχέτους
779 1812 1062 1881 «γινομένας
1113 1813 1207 1866 καὶ
1259 1811 1473 1883 τρέχειν
1519 1811 1671 1870 ἐκτὸς
1714 1818 1808 1878 τῆς

306 1886 538 1943 πόλεως.
640 1885 1058 1953 μαντευομένοις
1123 1884 1178 1938 δὲ
1244 1889 1356 1942 τοῖς
1420 1889 1651 1955 Λοκροῖς
1714 1885 1805 1937 καὶ

304 1958 570 2026 Ῥηγίνοις
606 1959 728 2028 περὶ
767 1964 862 2026 τῆς
897 1959 1238 2025 ἀπαλλαγῆς
1274 1962 1371 2011 τοῦ
1398 1957 1610 2015 πάθους
1636 1957 1808 2010 εἰπεῖν

310 2032 402 2084 τὸν
430 2031 552 2084 θεὸν
579 2035 814 2088 παιᾶνας
843 2031 987 2084 ἅδειν
1014 2029 1298 2099 ἐαρινους1
1325 2029 1527 2100 ἡμέρας
1557 2029 1618 2098 ξ.
1683 2029 1808 2083 ὅθεν

307 2103 555 2162 πολλοὺς
581 2087 859 2172 «γενέσθαι
868 2104 1318 2173 παιανογράφους
1345 2104 1398 2156 ἐν
1426 2106 1491 2172 τῇ
1515 2101 1745 2155 Ἰταλία.

383 2198 511 2245 Plut.
553 2198 682 2244 Mer
724 2200 753 2246 8
828 2196 923 2249 καὶ
969 2195 1068 2263 τὴν
1111 2196 1209 2264 μὲν
1248 2194 1463 2248 Ἰλιάδα
1510 2200 1604 2262 τῆς
1646 2203 1809 2248 πολε-

307 2274 468 2337 μικῆς
509 2269 702 2335 ἀρετῆς
741 2268 959 2338 ἐφόδιον
998 2270 1092 2321 καὶ
1133 2267 1358 2336 νομίζων
1397 2268 1491 2322 καὶ
1531 2267 1807 2335 ὀνομάζων

422 2383 433 2394 .
475 2341 622 2412 εἶχεν
657 2342 738 2393 ἀεὶ
773 2341 913 2408 μετὰ
949 2346 1045 2394 τοῦ
1077 2340 1403 2411 ἐγχειριδίου
1417 2339 1674 2429 κειμένην
1701 2339 1807 2393 ὑπὸ

310 2414 371 2467 τὸ
399 2414 874 2483 προσκεφάλαιον,
904 2415 971 2470 ὡς
997 2412 1428 2483 Ὀνησίκριτος“
1409 2413 1684 2483 ιστόρηκε,
1702 2416 1810 2466 τῶν

311 2487 365 2540 δὲ
393 2486 583 2539 ἄλλων
610 2485 858 2552 βιβλίων
884 2487 980 2540 οὐκ
1009 2487 1253 2554 εὐπορῶν
1281 2487 1334 2539 ἐν
1356 2489 1468 2543 τοῖς
1488 2484 1598 2538 ἄνω
1619 2484 1808 2542 τόποις

793 2609 808 2635 ²
838 2623 924 2650 mss
946 2611 1085 2650 insert
1105 2610 1331 2658 δωδεκάτης

315 2682 402 2728 272
