1900 3072
761 159 850 206 LY
860 159 948 205 RA
1000 159 1282 206 GRAECA

379 288 527 342 πολύ
552 288 600 356 ιγ’
630 289 751 343 ἐστὶ
780 289 1003 342 πάντων
1032 293 1139 341 τῶν
1167 291 1410 354 ποιητῶν
1438 288 1699 359 διάφορος

379 361 403 414 ὁ
433 361 745 430 Φιλόξενος.
825 362 1121 431 πρώτιστα
1148 361 1244 429 μὲν
1271 360 1375 430 Γγὰρ
1404 360 1669 428 ὀνόμασιν

375 434 566 487 ἰδίοισι
593 436 685 488 καὶ
713 439 955 487 καινοῖσι
973 436 994 467 1
1021 439 1228 505 χρῆται
1258 438 1574 505 πανταχοῦ·

378 507 569 561 ἔπειτα
599 508 666 560 τὰ
693 507 834 576 μέλη
862 510 1204 575 μεταβολαῖς
1231 508 1322 560 καὶ
1350 507 1643 577 χρώμασιν

311 594 336 630 5
377 582 445 637 ὡς
472 581 531 633 εὖ
558 580 837 649 κέκραται.
915 579 1034 636 θεὸς
1063 582 1118 633 ἐν
1145 580 1520 649 ἀνθρώποισιν
1546 581 1612 646 ἦν

378 654 578 710 ἐκεῖνος
606 654 756 710 εἰδὼς
785 652 882 719 τὴν
910 653 1131 718 ἀληθῶς
1157 654 1446 719 μουσικήν·

378 726 429 778 οἱ
457 730 548 778 νῦν
577 725 631 778 δὲ
661 725 1052 779 κισσόπλεκτα
1080 726 1171 778 καὶ
1202 729 1433 795 κρηναῖα
1459 725 1553 778 καὶ

378 798 793 852 ἀνθεσιπότατα
818 798 990 863 μέλεα
1017 798 1231 866 μελέοις
1260 797 1521 867 ὀνόμασιν

378 876 635 925 ποιοῦσιν
658 871 1022 940 ἐμπλέκοντες
1050 868 1324 941 ἀλλότρια
1349 870 1508 939 μέλη.

469 1263 924 1320 ΦΙΛΟΞΕΝΟΤ
976 1265 1126 1316 TO‘r
1182 1263 1578 1316 ΚΤΘΗΡΙΟΤ

764 1348 1277 1399 ΔΙΘΤΡΑΜΒΩΝ

645 1462 771 1509 1-11
843 1464 1056 1526 Κύκλωψ
1081 1461 1109 1524 ἢ
1134 1463 1368 1510 Γαλάτεια
1384 1461 1404 1491 2

324 1560 430 1600 Ath.
457 1561 490 1599 1.
513 1561 573 1605 Ge
630 1560 789 1600 Φαινίας
803 1558 854 1599 ’δέ
874 1570 999 1610 φησιν
1022 1561 1084 1600 ὅτι
1104 1560 1316 1611 Φιλόξενος
1336 1563 1354 1598 ὃ
1379 1559 1569 1612 Κυθήριος
1588 1561 1774 1608 ποιητής,

269 1617 487 1666 περιπαθὴς
524 1617 577 1654 ὢν
608 1618 694 1654 τοῖς
731 1615 857 1665 ὄψοις,
890 1620 1057 1656 δειπνῶν
1086 1615 1186 1655 ποτὲ
1211 1617 1315 1666 παρὰ
1347 1616 1559 1666 Διονυσία·
1588 1618 1639 1655 ὡς
1670 1615 1776 1654 εἶδεν

271 1670 412 1721 ἐκείνῳ
448 1671 521 1720 μὲν
559 1671 747 1719 μεγάλην
785 1675 962 1722 τρῖγλαν
999 1675 1294 1723 παρατεθεῖσαν
1343 1672 1473 1721 εαυτῷ
1523 1655 1566 1709 δὲ
1611 1670 1772 1722 μικράν,

270 1727 485 1771 ἀναλαβὼν
507 1726 633 1771 αὐτὴν
655 1726 710 1765 εἷς
739 1727 812 1766 τὰς
843 1730 983 1778 χεῖρας
1011 1729 1108 1779 πρὸς
1136 1727 1184 1765 τὸ
1215 1733 1283 1766 οὐς
1310 1725 1580 1777 προσήνεγκε.
1655 1728 1772 1765 πυθο-

269 1782 390 1831 μένου
412 1782 455 1820 δὲ
475 1783 548 1819 τοῦ
569 1780 784 1820 Διονυσίου
805 1782 915 1822 τίνος
938 1798 1074 1822 ενεκεν
1094 1784 1216 1820 τοῦτο
1246 1785 1365 1828 ποιεῖ,
1389 1781 1498 1820 εἶπεν
1520 1784 1540 1820 ὁ
1561 1780 1774 1831 Φιλόξενος

271 1839 333 1876 ὅτι
362 1837 532 1888 ’γράφων
561 1837 637 1883 την
668 1837 894 1877 Γαλάτειαν
920 1835 1113 1881 βούλοιτό
1146 1852 1236 1875 τινα
1264 1838 1353 1887 παρ’
1376 1837 1532 1883 ἐκείνης
1561 1839 1644 1875 τῶν
1671 1837 1774 1876 κατὰ

271 1893 405 1942 Νηρέα
433 1889 640 1931 πυθεσθαι·
675 1893 750 1939 τὴν
780 1892 821 1931 δὲ
858 1891 1123 1942 ἦρωτωμένην
1153 1892 1441 1943 ἀποκεκρίσθαι
1469 1890 1570 1930 διότι
1601 1907 1775 1944 νεωτερα

271 1946 405 1994 ἁλοίη·
448 1948 507 1986 διὸ
536 1948 590 1995 μὴ
620 1950 949 1998 παρακολουθεῖν·
980 1949 1056 1995 τὴν
1086 1946 1127 1985 δὲ
1159 1951 1216 1996 τῷ
1249 1947 1450 1998 Διονυσίῳ
1479 1950 1774 1996 παρατεθεῖσαν

270 2000 552 2052 πρεσβυτέραν
578 2000 704 2041 οὖσαν
734 2001 880 2041 εἰδέναι
908 2003 1042 2043 πάντα
1072 2006 1210 2052 σαφῶς
1231 2002 1254 2041 ἃ
1274 2001 1470 2047 βούλεται
1490 2005 1643 2051 μαθεῖν.
1701 2003 1775 2042 τὸν

271 2058 339 2097 οὖν
360 2058 574 2096 Διονύσιον
599 2057 842 2107 ’γελάσαντα
871 2059 1117 2098 ἀποστεῖλαι
1138 2059 1244 2107 αὐτῷ
1263 2060 1339 2105 τὴν
1359 2061 1535 2108 τρῖγλαν
1553 2059 1630 2106 τὴν
1649 2073 1772 2108 παρα-

270 2112 455 2162 κειμένην
488 2114 606 2161 αὐτῷ.
667 2113 883 2161 συνεμέθυε
924 2113 966 2152 δὲ
1004 2117 1061 2162 τῷ
1096 2114 1294 2163 Φιλοξένῳ
1326 2110 1451 2161 ἡδέως
1489 2113 1510 2150 ὅ
1548 2111 1771 2153 Διονύσιος.

270 2169 353 2206 ἐπεὶ
396 2171 437 2208 δὲ
476 2169 552 2215 τὴν
591 2169 792 2218 ἐρωμένην
832 2168 1056 2209 Γαλάτειαν
1095 2169 1281 2219 ἐφωράθη
1317 2167 1572 2220 διαφθείρων,
1604 2168 1660 2208 εἷς
1699 2169 1773 2208 τὰς

269 2223 466 2273 λατομίας
501 2223 720 2271 ἐνεβλήθη·
768 2223 810 2261 ἐν
849 2223 911 2264 αἶς
949 2226 1072 2262 ποιῶν
1109 2223 1180 2261 τὸν
1226 2222 1427 2263 Κύκλωπα
1466 2222 1661 2271 συνέθηκε
1700 2224 1774 2262 τὸν

268 2281 392 2327 μῦθον
426 2277 482 2316 εἷς
523 2279 572 2316 τὸ
612 2279 703 2329 περὶ
744 2278 869 2316 αὑτὸν
906 2276 1123 2328 γενόμενον
1160 2278 1300 2325 πάθος,
1339 2279 1413 2317 τὸν
1449 2278 1525 2328 μὲν
1561 2276 1773 2318 Διονύσιον

271 2333 474 2372 Κύκλωπα
505 2334 857 2382 ὑποστησάμενος,
889 2335 966 2381 τὴν
995 2333 1026 2372 δ’
1060 2333 1286 2385 αὐλητρίδα
1321 2330 1604 2388 <Γαλάτειαν>
1641 2334 1771 2374 Γαλά-

267 2404 395 2436 τειαν,
420 2389 564 2427 ἑαυτὸν
581 2388 612 2426 6⁷
637 2388 852 2428 Ὀδυσσέα.

326 2484 343 2509 ¹
372 2485 510 2524 Grot:
559 2497 646 2523 mss
695 2488 893 2524 κοινοῖσιτ
944 2483 1039 2524 Cas.
1096 2485 1166 2523 κοῦ
1206 2487 1390 2532 κοινοΐσι,
1429 2483 1550 2536 perh.
1603 2483 1772 2536 rightly

271 2539 287 2563 ²
318 2538 370 2578 cf.
398 2540 535 2578 Arist.
563 2540 667 2578 Poet.
701 2539 957 2589 2(Ti1notl1.
989 2538 1053 2589 10)

272 2618 366 2677 382
