<?xml version="1.0" encoding="UTF-8"?>
<!DOCTYPE html PUBLIC "-//W3C//DTD XHTML 1.0 Transitional//EN"
    "http://www.w3.org/TR/xhtml1/DTD/xhtml1-transitional.dtd">
<html xmlns="http://www.w3.org/1999/xhtml" xml:lang="en" lang="en">
 <head>
  <title>
</title>
<meta http-equiv="Content-Type" content="text/html;charset=utf-8" />
  <meta name='ocr-system' content='tesseract 3.04.00' />
  <meta name='ocr-capabilities' content='ocr_page ocr_carea ocr_par ocr_line ocrx_word'/>
</head>
<body>
  <div class='ocr_page' id='page_1' title='image "./lyragraecabeingr03edmouoft_0534.png"; bbox 0 0 1900 3072; ppageno 0'>
   <div class='ocr_carea' id='block_1_1' title="bbox 805 245 1322 293">
    <p class='ocr_par' dir='ltr' id='par_1_1' title="bbox 805 245 1322 293">
     <span class='ocr_line' id='line_1_1' title="bbox 805 245 1322 293; baseline 0.002 -1"><span class='ocrx_word' id='word_1_1' title='bbox 805 245 991 293; x_wconf 91' lang='lat' dir='ltr'><strong>LYRA</strong></span> <span class='ocrx_word' id='word_1_2' title='bbox 1040 245 1322 293; x_wconf 86' lang='lat' dir='ltr'><strong>GRAECA</strong></span> 
     </span>
    </p>
   </div>
   <div class='ocr_carea' id='block_1_2' title="bbox 310 375 1813 486">
    <p class='ocr_par' dir='ltr' id='par_1_2' title="bbox 310 375 1813 486">
     <span class='ocr_line' id='line_1_2' title="bbox 311 375 1813 431; baseline 0.001 -14"><span class='ocrx_word' id='word_1_3' title='bbox 311 395 356 417; x_wconf 89' lang='grc' dir='ltr'>τε</span> <span class='ocrx_word' id='word_1_4' title='bbox 387 377 449 415; x_wconf 84' lang='grc' dir='ltr'>καὶ</span> <span class='ocrx_word' id='word_1_5' title='bbox 484 375 648 428; x_wconf 84' lang='grc' dir='ltr'>κόραις.’</span> <span class='ocrx_word' id='word_1_6' title='bbox 707 377 781 415; x_wconf 84' lang='grc' dir='ltr'>κάν</span> <span class='ocrx_word' id='word_1_7' title='bbox 819 377 881 426; x_wconf 86' lang='grc' dir='ltr'>τῷ</span> <span class='ocrx_word' id='word_1_8' title='bbox 920 375 997 427; x_wconf 78' lang='grc' dir='ltr'>βίῳ</span> <span class='ocrx_word' id='word_1_9' title='bbox 1035 376 1122 416; x_wconf 81' lang='grc' dir='ltr'>ἀντὶ</span> <span class='ocrx_word' id='word_1_10' title='bbox 1156 379 1229 416; x_wconf 84' lang='grc' dir='ltr'>τοῦ</span> <span class='ocrx_word' id='word_1_11' title='bbox 1268 378 1430 430; x_wconf 45' lang='grc' dir='ltr'>(ἀκορεῖ</span> <span class='ocrx_word' id='word_1_12' title='bbox 1465 376 1582 430; x_wconf 84' lang='grc' dir='ltr'><strong><em>κόρας</em></strong></span> <span class='ocrx_word' id='word_1_13' title='bbox 1618 377 1813 431; x_wconf 81' lang='grc' dir='ltr'>κορωνᾶς’</span> 
     </span>
     <span class='ocr_line' id='line_1_3' title="bbox 310 431 1545 486; baseline 0.002 -15"><span class='ocrx_word' id='word_1_14' title='bbox 310 433 626 484; x_wconf 81' lang='grc' dir='ltr'>παροτρύνοντες</span> <span class='ocrx_word' id='word_1_15' title='bbox 642 432 659 456; x_wconf 87' lang='lat'>1</span> <span class='ocrx_word' id='word_1_16' title='bbox 681 431 774 471; x_wconf 85' lang='grc' dir='ltr'>ἔνιοί</span> <span class='ocrx_word' id='word_1_17' title='bbox 795 436 951 484; x_wconf 50' lang='grc' dir='ltr'>φασινι</span> <span class='ocrx_word' id='word_1_18' title='bbox 970 431 1126 484; x_wconf 84' lang='grc' dir='ltr'>ἐκκόρει</span> <span class='ocrx_word' id='word_1_19' title='bbox 1148 431 1285 484; x_wconf 82' lang='grc' dir='ltr'>κόρους</span> <span class='ocrx_word' id='word_1_20' title='bbox 1302 433 1320 456; x_wconf 85' lang='lat'><strong>²</strong></span> <span class='ocrx_word' id='word_1_21' title='bbox 1341 433 1545 486; x_wconf 49' lang='grc' dir='ltr'>κορώνας)</span> 
     </span>
    </p>
   </div>
   <div class='ocr_carea' id='block_1_3' title="bbox 366 518 1816 571">
    <p class='ocr_par' dir='ltr' id='par_1_3' title="bbox 366 518 1816 571">
     <span class='ocr_line' id='line_1_4' title="bbox 366 518 1816 571; baseline 0.003 -15"><span class='ocrx_word' id='word_1_22' title='bbox 366 518 536 570; x_wconf 71' lang='lat' dir='ltr'>Hoxap.</span> <span class='ocrx_word' id='word_1_23' title='bbox 571 518 758 568; x_wconf 71' lang='lat' dir='ltr'>eroyl.</span> <span class='ocrx_word' id='word_1_24' title='bbox 796 518 823 558; x_wconf 87' lang='lat' dir='ltr'>i.</span> <span class='ocrx_word' id='word_1_25' title='bbox 862 519 886 557; x_wconf 88' lang='lat' dir='ltr'>S</span> <span class='ocrx_word' id='word_1_26' title='bbox 920 519 978 566; x_wconf 87' lang='grc' dir='ltr'>[π.</span> <span class='ocrx_word' id='word_1_27' title='bbox 1018 520 1230 571; x_wconf 63' lang='grc' dir='ltr'>κομι-νῶν]</span> <span class='ocrx_word' id='word_1_28' title='bbox 1271 521 1346 566; x_wconf 82' lang='grc' dir='ltr'>τῆς</span> <span class='ocrx_word' id='word_1_29' title='bbox 1381 518 1423 558; x_wconf 81' lang='grc' dir='ltr'>δὲ</span> <span class='ocrx_word' id='word_1_30' title='bbox 1457 518 1646 566; x_wconf 80' lang='grc' dir='ltr'>τοιαύτης</span> <span class='ocrx_word' id='word_1_31' title='bbox 1685 520 1816 560; x_wconf 78' lang='grc' dir='ltr'>αὐτῶν</span> 
     </span>
    </p>
   </div>
   <div class='ocr_carea' id='block_1_4' title="bbox 312 572 1816 680">
    <p class='ocr_par' dir='ltr' id='par_1_4' title="bbox 312 572 1816 680">
     <span class='ocr_line' id='line_1_5' title="bbox 312 572 1816 628; baseline 0.003 -16"><span class='ocrx_word' id='word_1_32' title='bbox 312 573 493 623; x_wconf 80' lang='grc' dir='ltr'>ὁμονοίας</span> <span class='ocrx_word' id='word_1_33' title='bbox 515 572 634 625; x_wconf 78' lang='grc' dir='ltr'>χάριν</span> <span class='ocrx_word' id='word_1_34' title='bbox 652 572 774 625; x_wconf 85' lang='grc' dir='ltr'>μέχρι</span> <span class='ocrx_word' id='word_1_35' title='bbox 794 575 863 612; x_wconf 84' lang='grc' dir='ltr'>νῦν</span> <span class='ocrx_word' id='word_1_36' title='bbox 884 575 920 612; x_wconf 82' lang='grc' dir='ltr'>οἱ</span> <span class='ocrx_word' id='word_1_37' title='bbox 941 573 1145 622; x_wconf 47' lang='grc' dir='ltr'>(Έλληνες</span> <span class='ocrx_word' id='word_1_38' title='bbox 1175 576 1218 614; x_wconf 86' lang='grc' dir='ltr'>ἐν</span> <span class='ocrx_word' id='word_1_39' title='bbox 1246 577 1330 615; x_wconf 82' lang='grc' dir='ltr'>τοῖς</span> <span class='ocrx_word' id='word_1_40' title='bbox 1359 573 1503 626; x_wconf 81' lang='grc' dir='ltr'>γάμοις</span> <span class='ocrx_word' id='word_1_41' title='bbox 1526 574 1599 615; x_wconf 52' lang='grc' dir='ltr'>ιὲκ</span> <span class='ocrx_word' id='word_1_42' title='bbox 1619 585 1707 628; x_wconf 82' lang='grc' dir='ltr'>κορῖ</span> <span class='ocrx_word' id='word_1_43' title='bbox 1730 587 1816 627; x_wconf 84' lang='grc' dir='ltr'>κορῑ</span> 
     </span>
     <span class='ocr_line' id='line_1_6' title="bbox 313 627 1009 680; baseline 0.001 -11"><span class='ocrx_word' id='word_1_44' title='bbox 313 629 464 680; x_wconf 80' lang='grc' dir='ltr'>κορώνη</span> <span class='ocrx_word' id='word_1_45' title='bbox 477 629 518 652; x_wconf 84' lang='lat'>&#39;³</span> <span class='ocrx_word' id='word_1_46' title='bbox 540 627 735 680; x_wconf 89' lang='grc' dir='ltr'>λέγουσιν</span> <span class='ocrx_word' id='word_1_47' title='bbox 755 630 1009 680; x_wconf 79' lang='grc' dir='ltr'>ἀγνοοῦντες.</span> 
     </span>
    </p>
   </div>
   <div class='ocr_carea' id='block_1_5' title="bbox 312 717 1820 880">
    <p class='ocr_par' dir='ltr' id='par_1_5' title="bbox 312 717 1820 880">
     <span class='ocr_line' id='line_1_7' title="bbox 366 717 1818 771; baseline 0.001 -14"><span class='ocrx_word' id='word_1_48' title='bbox 366 718 491 770; x_wconf 75' lang='lat' dir='ltr'>Hesy</span> <span class='ocrx_word' id='word_1_49' title='bbox 495 718 559 759; x_wconf 87' lang='lat' dir='ltr'>ch.</span> <span class='ocrx_word' id='word_1_50' title='bbox 619 717 906 770; x_wconf 77' lang='grc' dir='ltr'>κουριζόμενος·</span> <span class='ocrx_word' id='word_1_51' title='bbox 952 718 1270 770; x_wconf 85' lang='grc' dir='ltr'>ὑμεναιούμενος,</span> <span class='ocrx_word' id='word_1_52' title='bbox 1304 720 1366 759; x_wconf 77' lang='grc' dir='ltr'>διὰ</span> <span class='ocrx_word' id='word_1_53' title='bbox 1404 720 1452 760; x_wconf 79' lang='grc' dir='ltr'>τὸ</span> <span class='ocrx_word' id='word_1_54' title='bbox 1491 718 1631 771; x_wconf 91' lang='grc' dir='ltr'>λε’γειν</span> <span class='ocrx_word' id='word_1_55' title='bbox 1666 735 1818 770; x_wconf 86' lang='grc' dir='ltr'>γαμου·</span> 
     </span>
     <span class='ocr_line' id='line_1_8' title="bbox 312 773 1820 829; baseline 0.001 -17"><span class='ocrx_word' id='word_1_56' title='bbox 312 774 446 824; x_wconf 83' lang='grc' dir='ltr'>μέναις</span> <span class='ocrx_word' id='word_1_57' title='bbox 467 781 475 791; x_wconf 78' lang='grc'><em>“</em></span> <span class='ocrx_word' id='word_1_58' title='bbox 488 775 563 813; x_wconf 85' lang='grc' dir='ltr'>σὺν</span> <span class='ocrx_word' id='word_1_59' title='bbox 585 773 737 827; x_wconf 87' lang='grc' dir='ltr'>κούροις</span> <span class='ocrx_word' id='word_1_60' title='bbox 753 790 799 814; x_wconf 87' lang='grc' dir='ltr'>τε</span> <span class='ocrx_word' id='word_1_61' title='bbox 822 776 885 814; x_wconf 85' lang='grc' dir='ltr'>καὶ</span> <span class='ocrx_word' id='word_1_62' title='bbox 908 774 1069 827; x_wconf 84' lang='grc' dir='ltr'>κόραις·’</span> <span class='ocrx_word' id='word_1_63' title='bbox 1091 776 1186 827; x_wconf 85' lang='grc' dir='ltr'>ὅπερ</span> <span class='ocrx_word' id='word_1_64' title='bbox 1205 777 1275 816; x_wconf 80' lang='grc' dir='ltr'>νῦν</span> <span class='ocrx_word' id='word_1_65' title='bbox 1289 776 1621 827; x_wconf 84' lang='grc' dir='ltr'>παρεφθαρμένως</span> <span class='ocrx_word' id='word_1_66' title='bbox 1639 777 1820 829; x_wconf 83' lang='grc' dir='ltr'>ἐκκορεῖν</span> 
     </span>
     <span class='ocr_line' id='line_1_9' title="bbox 312 830 495 880; baseline 0.005 -12"><span class='ocrx_word' id='word_1_67' title='bbox 312 830 495 880; x_wconf 79' lang='grc' dir='ltr'>λέγεται.</span> 
     </span>
    </p>
   </div>
   <div class='ocr_carea' id='block_1_6' title="bbox 313 914 1818 1079">
    <p class='ocr_par' dir='ltr' id='par_1_6' title="bbox 313 914 1818 1071">
     <span class='ocr_line' id='line_1_10' title="bbox 367 914 1814 968; baseline 0 -12"><span class='ocrx_word' id='word_1_68' title='bbox 367 915 462 956; x_wconf 83' lang='lat' dir='ltr'>Ael.</span> <span class='ocrx_word' id='word_1_69' title='bbox 488 914 609 957; x_wconf 82' lang='grc' dir='ltr'><strong><em>Η.Α.</em></strong></span> <span class='ocrx_word' id='word_1_70' title='bbox 633 917 668 957; x_wconf 89' lang='grc'>3.</span> <span class='ocrx_word' id='word_1_71' title='bbox 697 918 721 957; x_wconf 84' lang='grc'>9</span> <span class='ocrx_word' id='word_1_72' title='bbox 779 916 909 956; x_wconf 80' lang='grc' dir='ltr'>ἀκούω</span> <span class='ocrx_word' id='word_1_73' title='bbox 941 915 982 956; x_wconf 87' lang='grc' dir='ltr'>δὲ</span> <span class='ocrx_word' id='word_1_74' title='bbox 1011 917 1105 957; x_wconf 89' lang='grc' dir='ltr'>τοὺς</span> <span class='ocrx_word' id='word_1_75' title='bbox 1136 916 1264 958; x_wconf 77' lang='grc' dir='ltr'>πάλαι</span> <span class='ocrx_word' id='word_1_76' title='bbox 1294 919 1358 957; x_wconf 83' lang='grc' dir='ltr'>καὶ</span> <span class='ocrx_word' id='word_1_77' title='bbox 1381 919 1423 957; x_wconf 87' lang='grc' dir='ltr'>ἐν</span> <span class='ocrx_word' id='word_1_78' title='bbox 1441 920 1528 958; x_wconf 79' lang='grc' dir='ltr'>τοῖς</span> <span class='ocrx_word' id='word_1_79' title='bbox 1546 917 1690 968; x_wconf 78' lang='grc' dir='ltr'>γάμοις</span> <span class='ocrx_word' id='word_1_80' title='bbox 1709 917 1814 967; x_wconf 83' lang='grc' dir='ltr'>μετὰ</span> 
     </span>
     <span class='ocr_line' id='line_1_11' title="bbox 313 970 1818 1024; baseline 0 -12"><span class='ocrx_word' id='word_1_81' title='bbox 313 973 385 1012; x_wconf 82' lang='grc' dir='ltr'>τὸν</span> <span class='ocrx_word' id='word_1_82' title='bbox 417 970 601 1020; x_wconf 81' lang='grc' dir='ltr'>ὑμέναιον</span> <span class='ocrx_word' id='word_1_83' title='bbox 631 973 707 1019; x_wconf 78' lang='grc' dir='ltr'>τὴν</span> <span class='ocrx_word' id='word_1_84' title='bbox 739 973 917 1024; x_wconf 82' lang='grc' dir='ltr'>κορώνην</span> <span class='ocrx_word' id='word_1_85' title='bbox 949 975 1102 1021; x_wconf 78' lang='grc' dir='ltr'>καλεῖν,</span> <span class='ocrx_word' id='word_1_86' title='bbox 1144 974 1326 1024; x_wconf 88' lang='grc' dir='ltr'>σύνθημα</span> <span class='ocrx_word' id='word_1_87' title='bbox 1358 973 1539 1024; x_wconf 82' lang='grc' dir='ltr'>ὁμονοίας</span> <span class='ocrx_word' id='word_1_88' title='bbox 1569 975 1693 1014; x_wconf 82' lang='grc' dir='ltr'>τοῦτο</span> <span class='ocrx_word' id='word_1_89' title='bbox 1730 975 1818 1013; x_wconf 80' lang='grc' dir='ltr'>τοῖς</span> 
     </span>
     <span class='ocr_line' id='line_1_12' title="bbox 315 1026 1140 1079; baseline 0.002 -13"><span class='ocrx_word' id='word_1_90' title='bbox 315 1029 520 1067; x_wconf 82' lang='grc' dir='ltr'>συνιοῦσιν</span> <span class='ocrx_word' id='word_1_91' title='bbox 542 1027 603 1066; x_wconf 84' lang='grc' dir='ltr'>ἐπὶ</span> <span class='ocrx_word' id='word_1_92' title='bbox 626 1030 675 1079; x_wconf 81' lang='grc' dir='ltr'>τῇ</span> <span class='ocrx_word' id='word_1_93' title='bbox 699 1029 925 1067; x_wconf 74' lang='grc' dir='ltr'>παιδοποιῒα</span> <span class='ocrx_word' id='word_1_94' title='bbox 946 1026 1140 1068; x_wconf 82' lang='grc' dir='ltr'>διδόντας.</span> 
     </span>
    </p>
   </div>
   <div class='ocr_carea' id='block_1_7' title="bbox 668 1112 1309 1184">
    <p class='ocr_par' dir='ltr' id='par_1_7' title="bbox 668 1112 1309 1184">
     <span class='ocr_line' id='line_1_13' title="bbox 668 1112 1309 1184; baseline 0.003 -19.078"><span class='ocrx_word' id='word_1_95' title='bbox 668 1112 772 1165; x_wconf 82' lang='grc' dir='ltr'>Ἐκ</span> <span class='ocrx_word' id='word_1_96' title='bbox 801 1114 920 1184; x_wconf 85' lang='grc' dir='ltr'>κορὶ</span> <span class='ocrx_word' id='word_1_97' title='bbox 948 1114 1072 1184; x_wconf 85' lang='grc' dir='ltr'>κορὶ</span> <span class='ocrx_word' id='word_1_98' title='bbox 1097 1114 1309 1184; x_wconf 84' lang='grc' dir='ltr'>κορώνη</span> 
     </span>
    </p>
   </div>
   <div class='ocr_carea' id='block_1_8' title="bbox 678 1185 1490 1258">
    <p class='ocr_par' dir='ltr' id='par_1_8' title="bbox 678 1185 1490 1258">
     <span class='ocr_line' id='line_1_14' title="bbox 678 1185 1490 1258; baseline 0.002 -20"><span class='ocrx_word' id='word_1_99' title='bbox 678 1185 781 1239; x_wconf 76' lang='grc' dir='ltr'>σὺν</span> <span class='ocrx_word' id='word_1_100' title='bbox 808 1209 1023 1257; x_wconf 69' lang='grc' dir='ltr'>κθυρθις</span> <span class='ocrx_word' id='word_1_101' title='bbox 1050 1210 1109 1240; x_wconf 79' lang='grc' dir='ltr'>’ΤΕ</span> <span class='ocrx_word' id='word_1_102' title='bbox 1139 1187 1228 1240; x_wconf 75' lang='grc' dir='ltr'>καὶ</span> <span class='ocrx_word' id='word_1_103' title='bbox 1258 1209 1461 1258; x_wconf 68' lang='grc' dir='ltr'>Κοραις</span> <span class='ocrx_word' id='word_1_104' title='bbox 1467 1185 1490 1219; x_wconf 69' lang='lat'>4</span> 
     </span>
    </p>
   </div>
   <div class='ocr_carea' id='block_1_9' title="bbox 1038 1524 1099 1571">
    <p class='ocr_par' dir='ltr' id='par_1_9' title="bbox 1038 1524 1099 1571">
     <span class='ocr_line' id='line_1_15' title="bbox 1038 1524 1099 1571; baseline 0.016 -1"><span class='ocrx_word' id='word_1_105' title='bbox 1038 1524 1099 1571; x_wconf 88' lang='lat'>16</span> 
     </span>
    </p>
   </div>
   <div class='ocr_carea' id='block_1_10' title="bbox 316 1614 1821 1779">
    <p class='ocr_par' dir='ltr' id='par_1_10' title="bbox 316 1614 1821 1779">
     <span class='ocr_line' id='line_1_16' title="bbox 371 1614 1821 1667; baseline 0.001 -15"><span class='ocrx_word' id='word_1_106' title='bbox 371 1614 477 1654; x_wconf 79' lang='lat' dir='ltr'>Ath.</span> <span class='ocrx_word' id='word_1_107' title='bbox 504 1615 543 1653; x_wconf 87' lang='lat'>3.</span> <span class='ocrx_word' id='word_1_108' title='bbox 568 1615 644 1655; x_wconf 80' lang='grc'>109</span> <span class='ocrx_word' id='word_1_109' title='bbox 660 1614 688 1655; x_wconf 83' lang='lat' dir='ltr'>f.</span> <span class='ocrx_word' id='word_1_110' title='bbox 753 1616 935 1665; x_wconf 71' lang='grc' dir='ltr'>ἀχαΐνας·</span> <span class='ocrx_word' id='word_1_111' title='bbox 967 1615 1116 1655; x_wconf 85' lang='grc' dir='ltr'>τούτου</span> <span class='ocrx_word' id='word_1_112' title='bbox 1133 1617 1205 1655; x_wconf 81' lang='grc' dir='ltr'>τοῦ</span> <span class='ocrx_word' id='word_1_113' title='bbox 1227 1616 1349 1667; x_wconf 83' lang='grc' dir='ltr'>ἄρτου</span> <span class='ocrx_word' id='word_1_114' title='bbox 1368 1614 1605 1665; x_wconf 81' lang='grc' dir='ltr'>μνημονεύει</span> <span class='ocrx_word' id='word_1_115' title='bbox 1625 1617 1757 1664; x_wconf 80' lang='grc' dir='ltr'>Σῆμος</span> <span class='ocrx_word' id='word_1_116' title='bbox 1778 1615 1821 1653; x_wconf 79' lang='grc' dir='ltr'>ἐν</span> 
     </span>
     <span class='ocr_line' id='line_1_17' title="bbox 316 1668 1820 1723; baseline 0.001 -16"><span class='ocrx_word' id='word_1_117' title='bbox 316 1668 354 1716; x_wconf 84' lang='grc' dir='ltr'>η’</span> <span class='ocrx_word' id='word_1_118' title='bbox 394 1668 594 1714; x_wconf 69' lang='grc' dir='ltr'>Δηλιάδος</span> <span class='ocrx_word' id='word_1_119' title='bbox 634 1669 769 1722; x_wconf 84' lang='grc' dir='ltr'>λέγων</span> <span class='ocrx_word' id='word_1_120' title='bbox 806 1674 895 1711; x_wconf 76' lang='grc' dir='ltr'>ταῖς</span> <span class='ocrx_word' id='word_1_121' title='bbox 935 1670 1197 1723; x_wconf 80' lang='grc' dir='ltr'>θεσμοφόροις</span> <span class='ocrx_word' id='word_1_122' title='bbox 1234 1670 1428 1722; x_wconf 82' lang='grc' dir='ltr'>γίνεσθαι.</span> <span class='ocrx_word' id='word_1_123' title='bbox 1506 1671 1583 1709; x_wconf 82' lang='grc' dir='ltr'>εἶσὶ</span> <span class='ocrx_word' id='word_1_124' title='bbox 1625 1669 1667 1709; x_wconf 84' lang='grc' dir='ltr'>δὲ</span> <span class='ocrx_word' id='word_1_125' title='bbox 1706 1670 1820 1721; x_wconf 81' lang='grc' dir='ltr'>ἄρτοι</span> 
     </span>
     <span class='ocr_line' id='line_1_18' title="bbox 316 1724 1817 1779; baseline 0 -15"><span class='ocrx_word' id='word_1_126' title='bbox 316 1734 489 1776; x_wconf 82' lang='grc' dir='ltr'>μεγαλοι</span> <span class='ocrx_word' id='word_1_127' title='bbox 511 1727 576 1764; x_wconf 78' lang='grc' dir='ltr'>καὶ</span> <span class='ocrx_word' id='word_1_128' title='bbox 599 1727 718 1777; x_wconf 74' lang='grc' dir='ltr'>ἑορτὴ</span> <span class='ocrx_word' id='word_1_129' title='bbox 737 1729 920 1766; x_wconf 81' lang='grc' dir='ltr'>καλεῖται</span> <span class='ocrx_word' id='word_1_130' title='bbox 934 1726 1198 1779; x_wconf 79' lang='grc' dir='ltr'>Μεγαλάρτια</span> <span class='ocrx_word' id='word_1_131' title='bbox 1212 1725 1485 1777; x_wconf 81' lang='grc' dir='ltr'>ἐπιλεγόντων</span> <span class='ocrx_word' id='word_1_132' title='bbox 1499 1728 1580 1766; x_wconf 84' lang='grc' dir='ltr'>τῶν</span> <span class='ocrx_word' id='word_1_133' title='bbox 1600 1724 1817 1778; x_wconf 84' lang='grc' dir='ltr'>φερόντων·</span> 
     </span>
    </p>
   </div>
   <div class='ocr_carea' id='block_1_11' title="bbox 548 1801 1598 1872">
    <p class='ocr_par' dir='ltr' id='par_1_11' title="bbox 548 1801 1598 1872">
     <span class='ocr_line' id='line_1_19' title="bbox 548 1801 1598 1872; baseline 0 -18"><span class='ocrx_word' id='word_1_134' title='bbox 548 1802 819 1870; x_wconf 84' lang='grc' dir='ltr'>Ἀχαΐνην</span> <span class='ocrx_word' id='word_1_135' title='bbox 845 1801 1074 1860; x_wconf 78' lang='grc' dir='ltr'>στέατος</span> <span class='ocrx_word' id='word_1_136' title='bbox 1101 1802 1355 1872; x_wconf 76' lang='grc' dir='ltr'>ἔμπλεων</span> <span class='ocrx_word' id='word_1_137' title='bbox 1381 1802 1598 1872; x_wconf 81' lang='grc' dir='ltr'>τράγον.</span> 
     </span>
    </p>
   </div>
   <div class='ocr_carea' id='block_1_12' title="bbox 318 1914 1825 2682">
    <p class='ocr_par' dir='ltr' id='par_1_12' title="bbox 318 1914 1825 2682">
     <span class='ocr_line' id='line_1_20' title="bbox 375 1914 1816 1969; baseline 0 -15"><span class='ocrx_word' id='word_1_138' title='bbox 375 1916 389 1939; x_wconf 81' lang='lat'>¹</span> <span class='ocrx_word' id='word_1_139' title='bbox 421 1929 508 1955; x_wconf 67' lang='lat' dir='ltr'>mss</span> <span class='ocrx_word' id='word_1_140' title='bbox 542 1915 629 1955; x_wconf 85' lang='lat' dir='ltr'>and</span> <span class='ocrx_word' id='word_1_141' title='bbox 658 1916 723 1956; x_wconf 85' lang='lat' dir='ltr'>ed.</span> <span class='ocrx_word' id='word_1_142' title='bbox 763 1931 829 1969; x_wconf 82' lang='lat' dir='ltr'>pr.</span> <span class='ocrx_word' id='word_1_143' title='bbox 865 1918 1001 1969; x_wconf 66' lang='grc' dir='ltr'>ἀκυρεΐ</span> <span class='ocrx_word' id='word_1_144' title='bbox 1035 1918 1222 1969; x_wconf 85' lang='grc' dir='ltr'>(εὐκορεῖ)</span> <span class='ocrx_word' id='word_1_145' title='bbox 1261 1917 1348 1957; x_wconf 81' lang='grc' dir='ltr'>ἀντὶ</span> <span class='ocrx_word' id='word_1_146' title='bbox 1388 1918 1460 1957; x_wconf 82' lang='grc' dir='ltr'>τοῦ</span> <span class='ocrx_word' id='word_1_147' title='bbox 1491 1914 1609 1967; x_wconf 83' lang='grc' dir='ltr'>κόρας</span> <span class='ocrx_word' id='word_1_148' title='bbox 1644 1914 1816 1968; x_wconf 85' lang='grc' dir='ltr'>(κόρους,</span> 
     </span>
     <span class='ocr_line' id='line_1_21' title="bbox 320 1970 1815 2024; baseline 0 -14"><span class='ocrx_word' id='word_1_149' title='bbox 320 1971 499 2020; x_wconf 79' lang='grc' dir='ltr'>κούρους,</span> <span class='ocrx_word' id='word_1_150' title='bbox 551 1970 682 2022; x_wconf 84' lang='grc' dir='ltr'>κόρος)</span> <span class='ocrx_word' id='word_1_151' title='bbox 730 1971 1052 2024; x_wconf 64' lang='grc' dir='ltr'>παρεκτρέποντες</span> <span class='ocrx_word' id='word_1_152' title='bbox 1100 1975 1280 2024; x_wconf 85' lang='grc' dir='ltr'>(παρατρ.</span> <span class='ocrx_word' id='word_1_153' title='bbox 1331 1970 1387 2020; x_wconf 85' lang='grc' dir='ltr'>δέ,</span> <span class='ocrx_word' id='word_1_154' title='bbox 1438 1988 1609 2023; x_wconf 87' lang='grc' dir='ltr'>περιτρ.,</span> <span class='ocrx_word' id='word_1_155' title='bbox 1657 1987 1815 2023; x_wconf 87' lang='grc' dir='ltr'>προτρ.,</span> 
     </span>
     <span class='ocr_line' id='line_1_22' title="bbox 318 2025 1814 2079; baseline 0.001 -14"><span class='ocrx_word' id='word_1_156' title='bbox 318 2025 646 2078; x_wconf 80' lang='grc' dir='ltr'>παροτρύνοντες,</span> <span class='ocrx_word' id='word_1_157' title='bbox 674 2029 781 2077; x_wconf 87' lang='grc' dir='ltr'>-τας)</span> <span class='ocrx_word' id='word_1_158' title='bbox 964 2029 979 2052; x_wconf 80' lang='lat'>2</span> <span class='ocrx_word' id='word_1_159' title='bbox 1010 2041 1096 2066; x_wconf 83' lang='grc'>11188</span> <span class='ocrx_word' id='word_1_160' title='bbox 1118 2029 1210 2067; x_wconf 81' lang='lat' dir='ltr'>also</span> <span class='ocrx_word' id='word_1_161' title='bbox 1233 2027 1337 2079; x_wconf 83' lang='grc' dir='ltr'>κόρει</span> <span class='ocrx_word' id='word_1_162' title='bbox 1503 2027 1520 2051; x_wconf 83' lang='lat'>³</span> <span class='ocrx_word' id='word_1_163' title='bbox 1553 2038 1637 2065; x_wconf 86' lang='lat' dir='ltr'>mss</span> <span class='ocrx_word' id='word_1_164' title='bbox 1668 2026 1814 2078; x_wconf 81' lang='grc' dir='ltr'>ἐκκορί,</span> 
     </span>
     <span class='ocr_line' id='line_1_23' title="bbox 321 2080 1820 2133; baseline -0.001 -13"><span class='ocrx_word' id='word_1_165' title='bbox 321 2082 417 2133; x_wconf 84' lang='grc' dir='ltr'>κυρὶ,</span> <span class='ocrx_word' id='word_1_166' title='bbox 456 2082 665 2133; x_wconf 84' lang='grc' dir='ltr'>κορώνη(ν)</span> <span class='ocrx_word' id='word_1_167' title='bbox 863 2083 880 2107; x_wconf 76' lang='lat'><em>4</em></span> <span class='ocrx_word' id='word_1_168' title='bbox 910 2096 957 2122; x_wconf 90' lang='lat' dir='ltr'>so</span> <span class='ocrx_word' id='word_1_169' title='bbox 985 2082 1024 2121; x_wconf 81' lang='lat' dir='ltr'><em>E</em></span> <span class='ocrx_word' id='word_1_170' title='bbox 1054 2082 1166 2122; x_wconf 89' lang='lat' dir='ltr'>from</span> <span class='ocrx_word' id='word_1_171' title='bbox 1196 2083 1274 2123; x_wconf 78' lang='lat' dir='ltr'>the</span> <span class='ocrx_word' id='word_1_172' title='bbox 1303 2081 1441 2122; x_wconf 81' lang='lat' dir='ltr'>above</span> <span class='ocrx_word' id='word_1_173' title='bbox 1469 2083 1676 2133; x_wconf 80' lang='lat' dir='ltr'>passages</span> <span class='ocrx_word' id='word_1_174' title='bbox 1693 2097 1704 2130; x_wconf 93' lang='lat'>;</span> <span class='ocrx_word' id='word_1_175' title='bbox 1734 2080 1820 2133; x_wconf 82' lang='grc' dir='ltr'>κορί</span> 
     </span>
     <span class='ocr_line' id='line_1_24' title="bbox 318 2135 1820 2189; baseline 0 -13"><span class='ocrx_word' id='word_1_176' title='bbox 318 2137 441 2189; x_wconf 83' lang='lat' dir='ltr'><strong>perh.</strong></span> <span class='ocrx_word' id='word_1_177' title='bbox 481 2136 706 2186; x_wconf 81' lang='lat' dir='ltr'>(Deubner</span> <span class='ocrx_word' id='word_1_178' title='bbox 738 2137 883 2177; x_wconf 77' lang='lat' dir='ltr'>Herm.</span> <span class='ocrx_word' id='word_1_179' title='bbox 909 2140 975 2177; x_wconf 79' lang='lat'>48.</span> <span class='ocrx_word' id='word_1_180' title='bbox 1008 2138 1105 2185; x_wconf 74' lang='lat'>303)</span> <span class='ocrx_word' id='word_1_181' title='bbox 1141 2137 1268 2177; x_wconf 82' lang='lat' dir='ltr'>bears</span> <span class='ocrx_word' id='word_1_182' title='bbox 1296 2137 1373 2177; x_wconf 79' lang='lat' dir='ltr'>the</span> <span class='ocrx_word' id='word_1_183' title='bbox 1402 2149 1521 2175; x_wconf 82' lang='lat' dir='ltr'>same</span> <span class='ocrx_word' id='word_1_184' title='bbox 1548 2135 1736 2176; x_wconf 84' lang='lat' dir='ltr'>relat-ion</span> <span class='ocrx_word' id='word_1_185' title='bbox 1772 2140 1820 2176; x_wconf 64' lang='lat' dir='ltr'>to</span> 
     </span>
     <span class='ocr_line' id='line_1_25' title="bbox 320 2191 1818 2243; baseline 0 -12"><span class='ocrx_word' id='word_1_186' title='bbox 320 2192 471 2243; x_wconf 82' lang='grc' dir='ltr'>κορώνη</span> <span class='ocrx_word' id='word_1_187' title='bbox 491 2205 540 2231; x_wconf 84' lang='lat' dir='ltr'>as</span> <span class='ocrx_word' id='word_1_188' title='bbox 560 2201 679 2243; x_wconf 84' lang='grc' dir='ltr'>χελι-</span> <span class='ocrx_word' id='word_1_189' title='bbox 700 2197 747 2231; x_wconf 75' lang='lat' dir='ltr'>to</span> <span class='ocrx_word' id='word_1_190' title='bbox 768 2194 933 2243; x_wconf 83' lang='grc' dir='ltr'>χελώνη</span> <span class='ocrx_word' id='word_1_191' title='bbox 954 2193 999 2231; x_wconf 85' lang='grc'>111</span> <span class='ocrx_word' id='word_1_192' title='bbox 1019 2193 1071 2232; x_wconf 87' lang='grc'>33</span> <span class='ocrx_word' id='word_1_193' title='bbox 1101 2191 1239 2232; x_wconf 81' lang='lat' dir='ltr'>below</span> <span class='ocrx_word' id='word_1_194' title='bbox 1261 2192 1325 2241; x_wconf 86' lang='lat' dir='ltr'>(as</span> <span class='ocrx_word' id='word_1_195' title='bbox 1354 2204 1454 2242; x_wconf 70' lang='lat' dir='ltr'>pass</span> <span class='ocrx_word' id='word_1_196' title='bbox 1483 2194 1532 2228; x_wconf 77' lang='lat' dir='ltr'>to</span> <span class='ocrx_word' id='word_1_197' title='bbox 1559 2195 1637 2239; x_wconf 66' lang='lat' dir='ltr'>cat,</span> <span class='ocrx_word' id='word_1_198' title='bbox 1668 2204 1696 2230; x_wconf 85' lang='lat' dir='ltr'>a</span> <span class='ocrx_word' id='word_1_199' title='bbox 1723 2204 1818 2231; x_wconf 82' lang='lat' dir='ltr'>voe.</span> 
     </span>
     <span class='ocr_line' id='line_1_26' title="bbox 319 2244 1816 2298; baseline 0 -12"><span class='ocrx_word' id='word_1_200' title='bbox 319 2247 570 2287; x_wconf 83' lang='lat' dir='ltr'>sometimes</span> <span class='ocrx_word' id='word_1_201' title='bbox 591 2246 695 2286; x_wconf 83' lang='lat' dir='ltr'>used</span> <span class='ocrx_word' id='word_1_202' title='bbox 718 2251 764 2286; x_wconf 76' lang='lat' dir='ltr'>to</span> <span class='ocrx_word' id='word_1_203' title='bbox 785 2246 898 2286; x_wconf 81' lang='lat' dir='ltr'>form</span> <span class='ocrx_word' id='word_1_204' title='bbox 919 2261 945 2286; x_wconf 89' lang='lat' dir='ltr'>a</span> <span class='ocrx_word' id='word_1_205' title='bbox 965 2252 1058 2286; x_wconf 77' lang='lat' dir='ltr'>sort</span> <span class='ocrx_word' id='word_1_206' title='bbox 1085 2247 1129 2286; x_wconf 83' lang='lat' dir='ltr'>of</span> <span class='ocrx_word' id='word_1_207' title='bbox 1158 2245 1402 2298; x_wconf 85' lang='lat' dir='ltr'>compound</span> <span class='ocrx_word' id='word_1_208' title='bbox 1433 2244 1545 2284; x_wconf 81' lang='lat' dir='ltr'><strong>with</strong></span> <span class='ocrx_word' id='word_1_209' title='bbox 1575 2245 1653 2285; x_wconf 77' lang='lat' dir='ltr'>the</span> <span class='ocrx_word' id='word_1_210' title='bbox 1681 2259 1816 2294; x_wconf 66' lang='lat' dir='ltr'>nom„</span> 
     </span>
     <span class='ocr_line' id='line_1_27' title="bbox 319 2299 1821 2352; baseline -0.001 -11"><span class='ocrx_word' id='word_1_211' title='bbox 319 2302 371 2341; x_wconf 85' lang='lat' dir='ltr'>cf.</span> <span class='ocrx_word' id='word_1_212' title='bbox 400 2307 624 2352; x_wconf 60' lang='grc' dir='ltr'>ῳιιςςῃ-οαί,</span> <span class='ocrx_word' id='word_1_213' title='bbox 651 2302 890 2341; x_wconf 71' lang='lat' dir='ltr'>baa-lamb?</span> <span class='ocrx_word' id='word_1_214' title='bbox 918 2301 1000 2341; x_wconf 70' lang='lat' dir='ltr'>but,</span> <span class='ocrx_word' id='word_1_215' title='bbox 1021 2301 1075 2340; x_wconf 85' lang='lat' dir='ltr'>cf.</span> <span class='ocrx_word' id='word_1_216' title='bbox 1107 2302 1184 2341; x_wconf 83' lang='lat' dir='ltr'>Ar.</span> <span class='ocrx_word' id='word_1_217' title='bbox 1203 2302 1298 2351; x_wconf 69' lang='lat' dir='ltr'>Lys.</span> <span class='ocrx_word' id='word_1_218' title='bbox 1323 2302 1403 2341; x_wconf 88' lang='grc'>350</span> <span class='ocrx_word' id='word_1_219' title='bbox 1432 2300 1572 2351; x_wconf 80' lang='grc' dir='ltr'>ἄνδρες</span> <span class='ocrx_word' id='word_1_220' title='bbox 1589 2299 1821 2349; x_wconf 86' lang='grc' dir='ltr'>πονωπόνη-</span> 
     </span>
     <span class='ocr_line' id='line_1_28' title="bbox 321 2355 1819 2408; baseline -0.001 -12"><span class='ocrx_word' id='word_1_221' title='bbox 321 2358 428 2408; x_wconf 87' lang='grc' dir='ltr'>ροι),</span> <span class='ocrx_word' id='word_1_222' title='bbox 420 2371 427 2377; x_wconf 96' lang='grc'>·</span> <span class='ocrx_word' id='word_1_223' title='bbox 460 2355 504 2395; x_wconf 83' lang='grc' dir='ltr'>ἔκ</span> <span class='ocrx_word' id='word_1_224' title='bbox 524 2370 625 2408; x_wconf 74' lang='lat' dir='ltr'>may</span> <span class='ocrx_word' id='word_1_225' title='bbox 648 2355 699 2395; x_wconf 92' lang='lat' dir='ltr'>be</span> <span class='ocrx_word' id='word_1_226' title='bbox 720 2358 781 2405; x_wconf 92' lang='lat' dir='ltr'>(l)</span> <span class='ocrx_word' id='word_1_227' title='bbox 770 2360 859 2405; x_wconf 78' lang='lat' dir='ltr'>&gt;an</span> <span class='ocrx_word' id='word_1_228' title='bbox 890 2356 1182 2396; x_wconf 81' lang='lat' dir='ltr'>exclamation</span> <span class='ocrx_word' id='word_1_229' title='bbox 1211 2357 1290 2395; x_wconf 90' lang='lat' dir='ltr'>‘ho</span> <span class='ocrx_word' id='word_1_230' title='bbox 1310 2360 1318 2395; x_wconf 89' lang='lat'>!</span> <span class='ocrx_word' id='word_1_231' title='bbox 1338 2356 1345 2370; x_wconf 91' lang='lat'>’</span> <span class='ocrx_word' id='word_1_232' title='bbox 1367 2357 1434 2395; x_wconf 80' lang='lat' dir='ltr'>i.e.</span> <span class='ocrx_word' id='word_1_233' title='bbox 1462 2357 1473 2376; x_wconf 90' lang='lat'>‘</span> <span class='ocrx_word' id='word_1_234' title='bbox 1488 2367 1610 2394; x_wconf 85' lang='lat' dir='ltr'>come</span> <span class='ocrx_word' id='word_1_235' title='bbox 1639 2355 1819 2406; x_wconf 77' lang='lat' dir='ltr'>hither,&#39;</span> 
     </span>
     <span class='ocr_line' id='line_1_29' title="bbox 321 2409 1819 2463; baseline -0.001 -13"><span class='ocrx_word' id='word_1_236' title='bbox 321 2411 490 2462; x_wconf 74' lang='lat' dir='ltr'>thomh</span> <span class='ocrx_word' id='word_1_237' title='bbox 513 2410 609 2450; x_wconf 75' lang='lat' dir='ltr'>Lat.</span> <span class='ocrx_word' id='word_1_238' title='bbox 636 2425 714 2450; x_wconf 81' lang='lat' dir='ltr'>ecce</span> <span class='ocrx_word' id='word_1_239' title='bbox 743 2411 779 2450; x_wconf 89' lang='lat' dir='ltr'>is</span> <span class='ocrx_word' id='word_1_240' title='bbox 808 2411 929 2463; x_wconf 86' lang='lat' dir='ltr'>prob.</span> <span class='ocrx_word' id='word_1_241' title='bbox 956 2415 1036 2450; x_wconf 75' lang='lat' dir='ltr'>not</span> <span class='ocrx_word' id='word_1_242' title='bbox 1065 2415 1262 2463; x_wconf 79' lang='lat' dir='ltr'>cognate,</span> <span class='ocrx_word' id='word_1_243' title='bbox 1289 2423 1337 2449; x_wconf 83' lang='lat' dir='ltr'>or</span> <span class='ocrx_word' id='word_1_244' title='bbox 1358 2409 1419 2459; x_wconf 85' lang='lat'>(2)</span> <span class='ocrx_word' id='word_1_245' title='bbox 1442 2409 1520 2449; x_wconf 69' lang='lat' dir='ltr'>the</span> <span class='ocrx_word' id='word_1_246' title='bbox 1548 2410 1819 2462; x_wconf 77' lang='lat' dir='ltr'>preposition</span> 
     </span>
     <span class='ocr_line' id='line_1_30' title="bbox 320 2443 1820 2518; baseline -0.001 -13"><span class='ocrx_word' id='word_1_247' title='bbox 320 2465 427 2506; x_wconf 87' lang='lat' dir='ltr'>used</span> <span class='ocrx_word' id='word_1_248' title='bbox 434 2443 757 2517; x_wconf 57' lang='lat' dir='ltr'>‘’radxerbially‚</span> <span class='ocrx_word' id='word_1_249' title='bbox 795 2466 998 2518; x_wconf 82' lang='lat' dir='ltr'>meaning</span> <span class='ocrx_word' id='word_1_250' title='bbox 1027 2465 1171 2504; x_wconf 80' lang='lat' dir='ltr'>either</span> <span class='ocrx_word' id='word_1_251' title='bbox 1215 2464 1432 2504; x_wconf 76' lang='lat' dir='ltr'>‘&#39;avaunt</span> <span class='ocrx_word' id='word_1_252' title='bbox 1468 2463 1632 2514; x_wconf 87' lang='lat' dir='ltr'><strong>(which</strong></span> <span class='ocrx_word' id='word_1_253' title='bbox 1660 2464 1820 2516; x_wconf 82' lang='lat' dir='ltr'>hardly</span> 
     </span>
     <span class='ocr_line' id='line_1_31' title="bbox 321 2517 1815 2572; baseline -0.002 -11"><span class='ocrx_word' id='word_1_254' title='bbox 321 2522 432 2561; x_wconf 75' lang='lat' dir='ltr'>suits</span> <span class='ocrx_word' id='word_1_255' title='bbox 462 2519 563 2569; x_wconf 82' lang='lat'>1..‘2)</span> <span class='ocrx_word' id='word_1_256' title='bbox 594 2520 889 2572; x_wconf 47' lang='grc' dir='ltr'>01Η811181Ἑ8,</span> <span class='ocrx_word' id='word_1_257' title='bbox 907 2522 935 2559; x_wconf 82' lang='grc' dir='ltr'>ι’.</span> <span class='ocrx_word' id='word_1_258' title='bbox 945 2534 974 2559; x_wconf 83' lang='lat' dir='ltr'>c.</span> <span class='ocrx_word' id='word_1_259' title='bbox 1003 2519 1115 2559; x_wconf 86' lang='lat' dir='ltr'>from</span> <span class='ocrx_word' id='word_1_260' title='bbox 1145 2519 1223 2559; x_wconf 79' lang='lat' dir='ltr'>the</span> <span class='ocrx_word' id='word_1_261' title='bbox 1252 2518 1395 2559; x_wconf 89' lang='lat' dir='ltr'>womb</span> <span class='ocrx_word' id='word_1_262' title='bbox 1417 2517 1550 2569; x_wconf 80' lang='lat' dir='ltr'>(for’‘</span> <span class='ocrx_word' id='word_1_263' title='bbox 1528 2534 1574 2558; x_wconf 88' lang='grc' dir='ltr'>εκ</span> <span class='ocrx_word' id='word_1_264' title='bbox 1598 2523 1679 2558; x_wconf 72' lang='lat' dir='ltr'>nob</span> <span class='ocrx_word' id='word_1_265' title='bbox 1699 2518 1741 2568; x_wconf 85' lang='grc' dir='ltr'>ἔξ</span> <span class='ocrx_word' id='word_1_266' title='bbox 1759 2518 1815 2558; x_wconf 83' lang='lat' dir='ltr'>ef.</span> 
     </span>
     <span class='ocr_line' id='line_1_32' title="bbox 323 2572 1825 2626; baseline -0.001 -11"><span class='ocrx_word' id='word_1_267' title='bbox 323 2575 580 2623; x_wconf 82' lang='grc' dir='ltr'>ἑκκαίδεκα);</span> <span class='ocrx_word' id='word_1_268' title='bbox 611 2574 688 2613; x_wconf 75' lang='lat' dir='ltr'>the</span> <span class='ocrx_word' id='word_1_269' title='bbox 708 2575 836 2614; x_wconf 79' lang='lat' dir='ltr'>other</span> <span class='ocrx_word' id='word_1_270' title='bbox 864 2574 1069 2626; x_wconf 83' lang='lat' dir='ltr'>readings</span> <span class='ocrx_word' id='word_1_271' title='bbox 1100 2587 1173 2613; x_wconf 84' lang='lat' dir='ltr'>are</span> <span class='ocrx_word' id='word_1_272' title='bbox 1193 2573 1315 2626; x_wconf 86' lang='lat' dir='ltr'>prob.</span> <span class='ocrx_word' id='word_1_273' title='bbox 1345 2572 1432 2613; x_wconf 90' lang='lat' dir='ltr'>due</span> <span class='ocrx_word' id='word_1_274' title='bbox 1455 2573 1607 2626; x_wconf 75' lang='lat' dir='ltr'>partly</span> <span class='ocrx_word' id='word_1_275' title='bbox 1633 2577 1682 2613; x_wconf 74' lang='lat' dir='ltr'>bo</span> <span class='ocrx_word' id='word_1_276' title='bbox 1709 2573 1825 2613; x_wconf 79' lang='lat' dir='ltr'>folk-</span> 
     </span>
     <span class='ocr_line' id='line_1_33' title="bbox 321 2628 1286 2682; baseline -0.001 -13"><span class='ocrx_word' id='word_1_277' title='bbox 321 2630 574 2682; x_wconf 73' lang='lat' dir='ltr'>ebymology</span> <span class='ocrx_word' id='word_1_278' title='bbox 595 2628 682 2668; x_wconf 87' lang='lat' dir='ltr'>and</span> <span class='ocrx_word' id='word_1_279' title='bbox 702 2629 853 2682; x_wconf 77' lang='lat' dir='ltr'>partly</span> <span class='ocrx_word' id='word_1_280' title='bbox 873 2634 922 2669; x_wconf 80' lang='lat' dir='ltr'>to</span> <span class='ocrx_word' id='word_1_281' title='bbox 942 2629 1286 2681; x_wconf 75' lang='lat' dir='ltr'>nas-corruption</span> 
     </span>
    </p>
   </div>
   <div class='ocr_carea' id='block_1_13' title="bbox 324 2709 419 2769">
    <p class='ocr_par' dir='ltr' id='par_1_13' title="bbox 324 2709 419 2769">
     <span class='ocr_line' id='line_1_34' title="bbox 324 2709 419 2769; baseline -0.011 -16"><span class='ocrx_word' id='word_1_282' title='bbox 324 2709 419 2769; x_wconf 86' lang='lat'>518</span> 
     </span>
    </p>
   </div>
  </div>
 </body>
</html>
