1900 3072
706 227 890 273 LYRA
941 225 1219 273 GRAECA

280 361 393 409 sch.
424 360 507 407 Ar.
539 359 654 406 Act'z.
681 359 776 406 720
817 355 1119 426 ἀγοράζειν·
1200 355 1254 407 ἐν
1295 353 1470 425 ἀγορᾷ
1511 351 1714 423 διατρί-

207 435 328 496 βειν
375 433 429 485 ἐν
468 431 695 500 ἐξουσίᾳ
736 429 830 482 καὶ
875 426 1178 500 παρρησία·
1226 426 1379 479 ἔστιν
1423 425 1711 485 Ἀττικῶς,

206 505 328 558 ὅθεν
375 504 466 569 καὶ
514 505 544 569 ἡ
593 502 832 571 Κόριννα
878 499 1098 571 ἐλέγχει
1151 498 1242 552 τὸν
1297 501 1393 551 τοῦ
1434 496 1712 567 Πινδάρου

205 575 609 643 Ἀτί-ικισμόν,1
661 573 779 628 ἐπεὶ
825 573 918 626 καὶ
958 575 1012 626 ἐν
1054 576 1128 642 τῷ
1168 571 1368 641 πρώτῳ
1409 573 1517 623 τῶν
1558 572 1706 635 Παρ-

206 650 423 704 θενείων
452 649 736 720 ἐχρήσατο
766 649 830 714 τῇ
857 645 1025 712 λέξει.

281 769 392 816 Ael.
439 767 564 815 V.H.
612 767 686 814 13.
728 766 789 813 25
866 760 1140 832 Πίνδαρος
1181 760 1207 813 ὁ
1248 759 1478 826 ποιητὴς
1519 760 1713 827 ἀγωνι-

211 838 424 907 ζόμενος
455 840 509 891 ἐν
536 837 753 903 Θήβαις
780 834 1022 903 ἀμαθέσι
1058 832 1374 905 περιπεσὼν
1410 833 1709 900 ἀκροαταῖς

209 912 419 979 ἡττήθη
486 909 748 980 Κορίννης
812 908 1093 964 πεντάκις.
1195 905 1440 976 ἐλέγχων
1494 905 1551 958 δὲ
1614 905 1712 972 τὴν

209 985 485 1052 ἀμουσίαν
541 983 722 1036 αὐτῶν
785 979 811 1033 ὁ
875 979 1149 1050 Πίνδαρος
1213 982 1317 1030 σῦν
1372 978 1559 1031 ἐκάλει
1610 977 1708 1045 τὴν

215 1056 501 1127 Κόρινναν.

286 1176 426 1222 Paus.
478 1177 520 1222 9.
573 1175 647 1222 22.
699 1175 728 1221 3
807 1168 1070 1239 Κορίννης
1125 1168 1194 1229 δέ,
1248 1168 1280 1233 ἢ
1333 1168 1469 1236 μόνη
1532 1167 1596 1234 δὴ
1656 1168 1711 1221 ἐν

209 1246 474 1317 Τανάγρᾳ
502 1244 728 1317 ᾅσματα
755 1241 997 1308 ἐποίησε,
1021 1241 1227 1305 ταύτης
1255 1240 1375 1294 ἔστι
1401 1241 1498 1308 μὲν
1523 1245 1710 1309 μνῆμα

211 1320 265 1372 ἐν
294 1320 586 1387 περιφανεῖ
611 1320 706 1382 τῆς
739 1314 969 1375 πόλεως,
998 1314 1119 1367 ἔστι
1151 1313 1205 1366 δὲ
1237 1315 1294 1367 ἐν
1321 1318 1394 1383 τῷ
1421 1311 1709 1382 γυμνασίῳ

210 1390 411 1461 γραφή,
435 1387 620 1462 ταινία
646 1387 745 1454 τὴν
771 1387 1019 1456 κεφαλὴν
1047 1389 1078 1454 ἡ
1111 1385 1347 1454 Κόριννα
1375 1384 1710 1453 ἀναδουμένη

211 1469 307 1531 τῆς
343 1462 491 1528 νίκης
532 1460 708 1514 εἵνεκα
740 1461 773 1529 ᾗ
813 1459 1086 1529 Πίνδαρον
1122 1460 1332 1530 ᾄσματι
1371 1457 1618 1523 ἐνίκησεν
1657 1460 1712 1512 ἐν

213 1536 454 1603 Θήβαις.
532 1532 787 1604 φαίνεται
818 1532 876 1585 δέ
909 1555 1001 1599 μοι
1035 1535 1260 1597 νικῆσαι
1297 1536 1391 1598 τῆς
1419 1530 1712 1584 διαλέκτου

212 1632 271 1662 τε
299 1608 495 1668 εἵνεκα,
523 1607 608 1660 ὅτι
640 1605 767 1675 ᾖδεν
804 1606 865 1658 οὐ
903 1609 967 1672 τῇ
1002 1608 1155 1675 φωνῇ
1191 1608 1256 1672 τῇ
1289 1602 1492 1667 Δωρίδι
1518 1602 1708 1671 ὥσπερ

211 1680 238 1735 ὁ
258 1681 546 1751 Πίνδαρος,
570 1678 721 1731 ἀλλὰ
742 1678 910 1731 ὁποῖα
933 1677 1195 1740 συνήσειν
1216 1676 1450 1744 ἔμελλον
1475 1676 1708 1736 Αἰολεῖς,

212 1755 302 1808 καὶ
341 1753 425 1807 ὅτι
460 1753 526 1819 ἦν
559 1754 836 1819 γυναικῶν
868 1749 990 1804 τότε
1021 1748 1123 1815 ἤδη
1152 1747 1435 1814 καλλίστη
1463 1747 1524 1801 τὸ
1552 1747 1705 1808 εἶδος,

210 1829 262 1882 εἴ
286 1849 366 1884 τις
393 1828 473 1879 ἔτι
492 1825 513 1858 2
538 1823 702 1879 εἰκόνι
729 1823 809 1876 δεῖ
836 1821 1248 1891 τεκμαίρεσθαι.

284 1946 493 1992 Prooem.
522 1943 658 1990 Pind.
684 1943 771 2003 fin.
852 1939 921 1994 τὰ
957 1939 1012 1993 δὲ
1048 1938 1291 2007 ὀνόματα
1324 1941 1432 1992 τῶν
1457 1960 1710 2008 ’προειρη-

211 2016 382 2080 μένων
431 2016 671 2080 λυρικῶν
720 2012 841 2066 ἐστὶ
893 2012 1039 2065 τάδε·
1107 2010 1375 2080 Ἀλκμάν,
1427 2010 1708 2071 Ἀλκαῖος,

211 2087 444 2159 Σαπφώ,
485 2084 849 2155 Στησίχορος,
885 2086 1129 2148 Ἴβυκος,
1168 2082 1498 2152 Ἀνακρέων,
1534 2082 1707 2152 Σιμω-

210 2161 372 2228 νίδης,
416 2157 792 2230 Βακχυλίδης,
835 2158 925 2211 καὶ
972 2156 1262 2227 Πίνδαρος·
1318 2154 1456 2214 τινὲς
1509 2155 1563 2209 δὲ
1614 2155 1708 2208 καὶ

210 2233 310 2301 τὴν
350 2230 660 2303 Κόρινναν.3

266 2357 283 2382 ¹
311 2357 523 2398 Cr‘dnert:
558 2368 646 2394 mss
675 2355 699 2402 ἡ
732 2360 777 2394 Κ.
814 2354 904 2394 ἐστὶ
935 2356 1007 2392 τοῦ
1039 2361 1084 2393 Π.
1121 2352 1328 2393 ἇττικιστί
1581 2351 1597 2376 ²
1627 2355 1708 2405 τῇῖ

209 2413 226 2438 ³
259 2412 384 2452 these
409 2414 434 2451 5
458 2409 598 2450 words
623 2409 811 2449 omitted
833 2411 877 2448 in
898 2413 1013 2448 most
1034 2421 1133 2446 mss.

266 2543 283 2567 ¹
311 2543 365 2582 cf.
394 2542 516 2581 Eust.
543 2542 595 2580 Il.
623 2541 714 2580 326.
741 2541 807 2587 43,
838 2539 986 2578 Them.
1014 2539 1078 2580 27.
1105 2539 1196 2587 334,
1231 2537 1361 2578 Pind.
1389 2539 1432 2577 O.
1457 2538 1494 2577 6.
1521 2537 1587 2585 90,
1619 2537 1700 2577 Vit.

207 2598 329 2638 Matr.
364 2597 487 2637 Pind.
525 2598 549 2635 8
580 2595 654 2635 Dr.
679 2609 689 2642 ;
730 2594 805 2633 the
837 2593 964 2633 other
995 2592 1162 2633 Greeks
1195 2592 1335 2632 called
1367 2591 1443 2632 the
1472 2591 1706 2631 Boeotians

209 2671 239 2716 8
