1900 3072
788 159 972 206 LYRA
1021 159 1296 207 GRAECA

296 290 319 337 ἢ
361 289 567 342 συνέδριον
603 290 812 341 γνωρίμων
850 288 980 330 λάλος
1019 288 1204 342 εῖσέλθῃ,
1249 289 1397 330 πάντες
1435 291 1698 330 ἀποσιωπῶσι
1737 290 1792 340 μὴ

297 343 540 438 βοέλόμενοι
578 347 715 393 λαβὴν
754 348 996 396 παρασχεῖν·
1041 345 1089 383 ἂν
1123 346 1154 382 δ’
1191 346 1311 385 αὐτὸς
1349 346 1515 396 ἄρξηται
1553 345 1715 396 διαίρειν
1743 347 1793 384 τὸ

295 416 347 440 στ
373 417 439 449 μα,

568 454 675 524 πρὸ
704 453 965 526 χείματος
994 453 1123 507 ὥστ’
1153 454 1255 507 ἀνὰ
1285 454 1515 508 ποντίαν

565 526 738 597 ἄκραν
765 527 940 596 βορέα
971 526 1214 592 ζαέντος1

300 622 545 673 ὑφορώμενοι
566 619 696 661 σάλον
715 621 779 660 καὶ
803 620 966 660 ναυτίαν
983 619 1274 672 ἐξανέστησαν.

1005 740 1101 787 115

355 826 473 866 Plut.
514 827 656 866 Praec.
692 826 809 877 Reip.
850 828 875 865 2
942 828 1091 866 πολλοὶ
1126 826 1167 866 δὲ
1208 827 1285 866 ἀπὸ
1318 827 1452 877 τύχης
1486 825 1682 878 ἁψάμενοι
1719 831 1800 867 τῶν

304 886 444 922 κοινῶν
466 882 529 920 καὶ
550 882 883 928 ἀναπλησθέντες
914 884 1050 921 οὐκέτι
1072 881 1212 934 ῥᾳδίως
1234 885 1427 921 ἀπελθεῖν
1447 882 1647 932 δύνανται,
1673 884 1798 922 ταύτὸ

300 940 388 977 τοῖς
426 938 601 985 ἐμβᾶσιν
641 938 698 977 εἷς
730 942 876 977 πλοῖον
911 938 1053 987 αἰώρας
1089 935 1222 988 χάριν,
1267 938 1339 977 εἶτ’
1380 938 1706 977 ἀποσπασθεῖσιν
1745 938 1803 977 εἷς

303 991 484 1042 πέλαγος
509 992 767 1033 πεπονθότες·
800 992 872 1042 ἔξω
892 994 1097 1037 βλέπουσι
1127 996 1366 1032 ναυτιῶντες
1397 993 1461 1031 καὶ
1492 991 1798 1044 ταραττόμενοι,

303 1046 436 1096 μένειν
458 1045 500 1086 δὲ
521 1049 585 1086 καὶ
607 1050 784 1097 χρῆσθαι
805 1050 889 1087 τοῖς
910 1049 1106 1098 παροῦσιν
1127 1046 1307 1097 ἀνάγκην
1329 1049 1513 1097 ἔχοντες·

446 1127 649 1179 λευκᾶς
676 1122 988 1192 καθύπερθε
1014 1123 1263 1190 ’γαλάνας

449 1194 805 1264 εὐπρόσωποι
832 1200 979 1263 σφᾶς
1006 1197 1285 1266 παράϊξαν
1306 1196 1327 1228 2
1353 1196 1546 1265 ἔρωτες
1574 1195 1731 1252 ναΐας

451 1268 677 1325 κλαΐδος
703 1267 1118 1338 χαραξιπόντου
1148 1268 1433 1337 δαιμονίαν
1461 1269 1512 1326 ἐς
1534 1270 1713 1339 ὕβριν.
1759 1290 1762 1293 ·

1010 1420 1106 1467 116

363 1505 480 1545 Plut.
507 1506 579 1544 An
599 1505 703 1544 Seni
726 1507 775 1544 12
832 1507 855 1553 ἢ
878 1507 1029 1546 πλοίων
1055 1506 1128 1556 μὲν
1157 1507 1359 1558 ἄρχοντας
1390 1509 1433 1547 οὐ
1463 1510 1569 1547 ποιεῖ
1592 1505 1809 1558 γράμματα

311 1560 590 1612 κυβερνητικά,
615 1561 668 1607 μὴ
699 1562 902 1600 πολλάκις
931 1564 1171 1613 γενομένους
1204 1564 1246 1603 ἐν
1267 1562 1422 1615 πρύμνῃ
1445 1563 1590 1602 θεατὰς
1609 1565 1690 1601 τῶν
1709 1563 1807 1613 πρὸς

311 1619 415 1664 κῦμα
437 1616 500 1654 καὶ
522 1619 678 1665 πνεῦμα
699 1618 761 1655 καὶ
785 1615 908 1656 νύκτα
929 1617 1142 1668 χειμερίων
1161 1619 1327 1668 ἀγώνων

677 1692 766 1744 ὅτε
792 1692 1128 1763 Τυνδαριδᾶν
1156 1693 1314 1747 ἀδελ-

677 1768 793 1832 φῶν
820 1765 977 1817 ἄλιον
1006 1765 1210 1818 ναύταν
1238 1765 1406 1823 πόθος

673 1839 881 1899 βάλλει
921 1880 929 1890 .
976 1880 987 1891 .
1032 1878 1041 1890 .

1018 1976 1112 2022 117

370 2060 437 2100 Id.
470 2061 655 2112 Tranqu.
685 2063 733 2103 17
791 2062 1020 2115 κυβερνήτῃ
1051 2063 1130 2115 γὰρ
1157 2065 1249 2101 οὔτε
1271 2066 1376 2112 κῦμα
1394 2062 1562 2114 πραῧναι
1585 2063 1719 2115 τραχὺ
1750 2064 1814 2102 καὶ

315 2119 471 2164 πνεῦμα
492 2114 660 2155 δυνατόν
681 2118 805 2166 ἐστιν,
833 2119 926 2156 οὔτε
948 2118 1036 2156 ὅποι
1056 2119 1253 2163 βούλεται
1275 2118 1446 2168 δεομένῳ
1469 2119 1633 2167 λιμένος
1652 2122 1813 2168 τυχεῖν,

375 2199 391 2224 ¹
421 2200 545 2246 βορέα
564 2202 602 2240 Β
621 2215 628 2240 :
660 2213 749 2241 mss
771 2202 873 2242 here
892 2203 1049 2255 βορέον,
1074 2203 1177 2243 San.
1199 2206 1325 2256 βορρᾶ
1495 2203 1658 2255 ζαέντος
1678 2202 1788 2244 Crus
1807 2216 1817 2242 τ

319 2267 406 2293 mss
445 2256 548 2295 here
598 2254 770 2305 ζέοντος,
822 2257 927 2298 San.
980 2258 1119 2297 Pracc.
1173 2259 1364 2299 πνέοντος
1569 2259 1586 2283 ²
1615 2259 1679 2298 B:
1731 2270 1816 2296 mss

317 2309 544 2361 παρήϊσανε
588 2311 735 2350 Wil.’s
763 2311 981 2363 παράειραν
1020 2311 1180 2365 hardly
1209 2317 1418 2353 accounts
1447 2312 1516 2352 for
1547 2314 1697 2353 λευκᾶς
1729 2327 1809 2362 κ.’γ.

375 2418 387 2442 ¹
418 2420 480 2459 lit.
522 2422 596 2458 ‘to
627 2421 762 2460 hover
792 2421 993 2471 around,'
1025 2422 1078 2462 cf.
1113 2422 1230 2462 Plut.
1266 2424 1368 2462 Son.
1394 2424 1539 2462 Anim.
1574 2422 1655 2465 970
1674 2435 1696 2460 c
1730 2420 1816 2461 and

320 2475 643 2524 ὑπεραιωρεῖσθαι
669 2478 678 2494 ‘
697 2479 743 2514 to
763 2475 818 2515 lie
838 2481 886 2515 at
905 2476 1069 2516 anchor
1083 2477 1091 2493 ’
1113 2476 1224 2517 Hdt.
1250 2479 1286 2518 6.
1319 2478 1407 2526 116,
1432 2490 1478 2516 or
1501 2480 1511 2497 ‘
1525 2477 1619 2528 just
1634 2479 1681 2516 to
1701 2489 1817 2519 ctoss

318 2541 343 2566 a
363 2529 515 2568 strait'
538 2531 620 2580 (lit.
640 2542 686 2570 as
703 2542 728 2569 a
749 2543 896 2570 means
917 2531 962 2570 of
981 2534 1240 2584 transport),
1259 2530 1311 2572 ef.
1341 2530 1526 2575 Aristid.
1557 2532 1626 2574 Or.
1647 2532 1712 2574 24.
1738 2531 1815 2571 331

321 2617 417 2667 472
