1900 3072
817 154 1001 200 LYRA
1051 153 1329 201 GRAECA

286 282 631 351 ἀποκρίσεως
671 283 927 351 τηρήσειν
967 281 1081 349 ἅμα
1122 282 1215 334 καὶ
1255 281 1351 348 τὴν
1391 281 1658 348 ἀλήθειαν
1695 281 1787 334 καὶ

286 354 382 421 τὴν
409 354 696 421 εὐδόκησιν
725 360 820 408 τοῦ
849 354 1157 407 Διονυσίου.
1225 356 1318 407 καὶ
1359 355 1420 406 οὐ
1460 354 1786 424 διεψεύσθη·

287 432 382 480 τοῦ
421 427 527 495 γὰρ
568 429 834 497 τυράννου
875 425 1343 494 προενεγκαμένου
1372 427 1519 485 τινὰς
1559 426 1789 496 στίχους

286 499 520 570 ἔχοντας
567 501 776 554 ἐλεεινὰ
828 501 982 565 πάθη
1035 500 1129 553 καὶ
1181 501 1562 568 ἐρωτήσαντος
1607 500 1789 552 ιΠοῖά

287 595 409 626 τινα
438 571 695 643 φαίνεται
725 573 793 626 τὰ
821 595 1143 660 ποιηματα·
1128 615 1140 634 ,
1209 579 1359 626 εἶπεν
1388 573 1671 640 Ὀἰκτρά,’
1701 570 1790 625 διὰ

286 651 381 711 τῆς
421 645 767 716 ἀμφιβολίας
813 645 1099 714 ἀμφότερα
1142 644 1404 715 τηρήσας.
1483 644 1509 698 ὁ
1548 645 1644 713 μὲν
1681 643 1788 715 γὰρ

287 718 574 776 Διονύσιος
619 719 841 786 ἐδέξατο
890 718 959 771 τὰ
1006 717 1198 788 οἰκτρὰ
1249 725 1385 771 εἰναι
1435 717 1643 771 ἐλεεινὰ
1693 718 1789 771 καὶ

287 791 638 858 συμπαθείας
672 792 876 859 πληρη,
907 790 975 843 τὰ
1012 790 1067 843 δὲ
1105 794 1334 843 τοιαῦτα
1369 790 1507 844 εἶναι
1543 793 1790 855 ποιητῶν

286 865 510 930 ἀγαθῶν
553 864 946 931 ἐπιτεύγματα,
987 864 1110 916 ὅθεν
1157 865 1226 920 ὡς
1272 862 1575 933 ἐπῃνεκότα
1619 862 1786 916 αὐτὸν

286 936 606 1007 ἀπεδέχετο·
667 937 715 990 οἱ
762 937 810 989 δ’
857 936 1024 990 ἄλλοι
1076 935 1172 1003 τὴν
1225 935 1493 1003 ἀληθινὴν
1545 936 1787 989 διάνοιαν

287 1009 628 1077 ἐκδεξάμενοι
665 1013 775 1063 πᾶν
810 1009 871 1062 τὸ
904 1008 1125 1078 οἰκτρὸν
1161 1008 1580 1076 ἀποτεύγματος
1616 1007 1788 1079 φύσιν

286 1082 539 1151 εἰρῆσθαι
568 1082 961 1149 διελάμβανον.

359 1210 481 1258 Luc.
510 1211 629 1259 Adv.
658 1211 835 1260 Indoct.
866 1212 927 1259 15
1002 1206 1226 1274 λέγεται
1253 1205 1359 1275 γὰρ
1387 1206 1476 1259 καὶ
1500 1205 1790 1260 Διονύσιον

290 1277 602 1349 τραγῳδίαν
657 1283 832 1331 ποιεῖν
894 1278 1119 1348 φαύλως
1180 1280 1325 1332 πάνυ
1390 1279 1480 1332 καὶ
1542 1278 1786 1346 γελοίως,

288 1353 431 1404 ὥστε
471 1352 564 1404 τὸν
602 1351 900 1419 Φιλόξενον
941 1351 1222 1410 πολλάκις
1269 1351 1333 1404 δι’
1375 1350 1544 1418 αὐτὴν
1590 1353 1642 1409 ἐς
1689 1351 1787 1409 τὰς

285 1423 557 1491 λατομίας
606 1425 866 1492 ἐμπεσεῖν
926 1426 989 1477 οὐ
1043 1424 1335 1493 δυνάμενον
1385 1425 1639 1495 κατέχειν
1695 1424 1791 1478 τὸν

285 1496 520 1564 γέλωτα.
598 1497 753 1553 οὗτος
794 1496 973 1550 τοίνυν
1013 1497 1314 1565 πυθόμενος
1359 1499 1426 1554 ὡς
1467 1499 1782 1565 ἐγγελᾶται,

287 1570 346 1623 τὸ
391 1569 685 1640 Αἰσχύλου
726 1570 936 1638 πύξιον,
981 1571 1053 1628 εἰς
1107 1569 1132 1622 ὃ
1174 1573 1373 1627 ἐκεῖνος
1418 1570 1641 1638 ἔγραφε,
1686 1571 1789 1623 σὺν

286 1647 476 1711 πολλῇ
506 1642 724 1712 σπουδῇ
753 1643 1113 1711 κτησάμενος,
1135 1645 1226 1695 καὶ
1255 1642 1419 1700 αὐτὸς
1448 1643 1581 1713 ᾤετο
1610 1643 1788 1700 ἔνθεος

286 1716 510 1768 ἔσεσθαι
552 1716 645 1768 καὶ
663 1716 922 1803 κάτοχος
963 1716 1020 1768 ἐκ
1064 1719 1159 1768 τοῦ
1205 1715 1422 1784 πυξίου·
1472 1716 1605 1767 ἀλλ’
1646 1715 1789 1782 ὅμως

286 1790 341 1841 ἐν
379 1790 527 1858 αὐτῷ
569 1787 751 1857 ἐκείνῳ
789 1793 980 1858 μακρῷ
1018 1786 1339 1857 γελοιότερα
1380 1789 1633 1857 ἔγραφεν,
1675 1788 1787 1840 οἷον

286 1861 505 1914 κάκεῖνο
552 1860 631 1913 τό·
691 1859 992 1930 ’Δωρίδιον
1036 1861 1162 1926 ἧκεν
1203 1863 1233 1927 ἡ
1274 1859 1570 1914 Διονυσίου
1611 1860 1787 1928 γυνη]

287 1934 379 1986 καὶ
420 1934 609 1987 πάλιν·
661 1935 855 2001 Ὀίμοι
882 1937 1119 2001 γυναῖκα
1159 1934 1441 2004 χρησίμην
1480 1931 1790 1986 ἀπώλεσα]

289 2006 382 2058 καὶ
427 2011 590 2059 τοῦτο
636 2006 742 2073 γὰρ
785 2008 844 2058 ἐκ
891 2010 987 2059 τοῦ
1029 2005 1246 2073 πυξίου,
1287 2006 1380 2059 καὶ
1421 2005 1498 2058 τό·
1558 2007 1789 2062 ‘Ass-rois-

288 2079 393 2148 γὰρ
446 2078 804 2143 ἐμπαίζουσιν
856 2079 906 2131 οἱ
943 2079 1113 2148 μωροὶ
1159 2080 1411 2147 βροτῶν]
1490 2081 1653 2132 τοῦτο
1691 2077 1790 2146 μέν

288 2175 349 2218 γε
389 2151 524 2220 πρός
561 2174 626 2204 σε
664 2153 821 2219 μάλα
861 2151 1140 2222 εὐστόχως
1182 2151 1246 2203 ἂν
1280 2150 1557 2220 εἰρημενον
1594 2151 1672 2216 εἴη
1714 2154 1789 2220 τῷ

290 2223 578 2292 Διονυσίῳ,
631 2224 726 2276 καὶ
785 2223 849 2276 δι’
903 2223 1037 2277 αὐτὸ
1097 2227 1394 2294 χρυσῶσαι
1454 2224 1624 2276 αὐτοῦ
1685 2222 1790 2276 ἔδει

289 2297 459 2350 ἐκεῖνο
488 2296 549 2349 τὸ
576 2296 789 2364 πύξιον.

363 2425 502 2474 Suid.
581 2420 881 2487 Φιλοξένου
909 2420 1272 2491 γραμμάτιον·
1320 2420 1410 2472 ἐπὶ
1439 2422 1545 2472 τῶν
1571 2418 1645 2486 μὴ
1674 2440 1788 2472 πει-

291 2492 530 2559 θομένων
583 2493 668 2564 ἐφ’
723 2493 799 2550 οἷς
859 2497 1339 2563 παρακαλοῦνται,
1393 2490 1523 2544 ἀλλ’
1575 2493 1789 2559 ἀπαγο-

291 2615 387 2662 370
