1900 3072
748 214 834 260 LY
844 214 932 261 RA
981 213 1261 261 GRAECA

250 348 359 387 ὅλοις
391 347 506 386 οὐδὲν
535 345 688 391 ἀσεβὲς
717 343 1007 396 παρενέφηνεν,
1029 345 1126 383 ἀλλ’
1158 343 1273 383 ἔστιν
1303 345 1482 395 εὔφημος
1507 345 1560 384 ὣς
1579 344 1729 391 ποιητὴ

250 404 305 442 εἷς
327 403 374 441 τὸ
396 401 609 451 δαιμόνιον,
635 400 810 451 καθάπερ
832 401 944 439 ἄλλα
967 416 1012 438 τε
1033 402 1225 451 μαρτυρεῖ
1244 400 1308 438 καὶ
1330 400 1380 438 τὸ
1399 396 1681 450 ’γεγραμμένον

658 573 718 621 εἷς
744 570 993 631 Ἀριάνθην
1017 568 1097 616 τὸν
1123 567 1339 633 Ἀργεῖον

396 668 548 728 Θεός,
576 667 695 725 θεὸς
723 667 828 737 πρὸ
857 665 1063 724 παντὸς
1089 666 1248 735 ἔργον
1275 665 1532 737 βροτείου

394 746 544 813 νωμᾷ
575 741 721 810 φρέν’
750 741 1082 810 ὑπερτάταν,

394 813 668 881 αὐτοδαὴς
695 814 738 866 δ’
770 812 938 884 ἀρετὰ
965 812 1191 884 βραχὺν
1216 811 1371 881 οἶμον
1398 811 1565 882 ἕρπει·

247 910 311 949 καὶ
334 911 382 948 τὸ

1571 812 1592 844 1

645 1049 705 1097 εἷς
731 1045 1000 1109 Νικόδωρον
1023 1046 1103 1094 τὸν
1129 1045 1367 1094 Μαντινέα

538 1144 699 1198 Κατὰ
728 1143 960 1212 δαίμονα
990 1145 1082 1198 καὶ
1111 1144 1289 1215 τύχαν

540 1218 607 1271 τὰ
635 1218 820 1270 πάντα
845 1218 1137 1287 βροτοῖσιν
1165 1217 1516 1271 ἐκτελεῖται·2

243 1324 295 1362 τὰ
316 1322 581 1375 παραπλήσια
605 1325 639 1362 δ’
660 1324 769 1373 αὐτῷ
787 1321 970 1374 περιέχει
991 1323 1055 1362 καὶ
1077 1323 1126 1362 τὸ
1148 1319 1381 1362 Μαντινέων
1400 1321 1635 1373 Ἐγκώμιον.

987 1516 1017 1561 3

297 1602 394 1644 Sch.
432 1602 531 1642 Vatw.
571 1601 757 1641 Aristid.
798 1601 833 1640 2.
873 1602 936 1640 80.
974 1603 1023 1640 15
1051 1600 1154 1640 Keil
1185 1599 1329 1641 Herm.
1359 1602 1424 1642 55.
1457 1602 1509 1642 63
1545 1600 1748 1653 Διαγόρας

244 1656 363 1698 οῧτος
393 1656 622 1708 φιλόσοφος
658 1656 719 1703 ἧν.
783 1657 945 1704 κληθεὶς
978 1655 1022 1695 δέ
1063 1671 1162 1695 ποτε
1198 1657 1254 1696 εἷς
1293 1657 1480 1696 ἑστίασιν
1510 1657 1577 1708 ὑφ’
1608 1657 1748 1707 ἑτέρου

244 1711 491 1765 φιλοσόφου,
530 1711 699 1761 ἕψοντος
736 1711 890 1752 ἐκείνου
929 1713 1066 1762 φακῆν
1109 1711 1174 1750 καὶ
1219 1710 1323 1751 κατά
1360 1727 1451 1750 τινα
1489 1711 1632 1765 χρείαν
1672 1713 1745 1762 ἔξω

242 1769 396 1808 ἐκείνου
418 1766 693 1819 χωρήσαντος,
717 1770 791 1814 τῆς
813 1768 944 1815 φακῆς
975 1767 1029 1814 μὴ
1058 1763 1213 1805 τελέως
1242 1768 1417 1817 ψηθῆναι
1437 1765 1656 1817 δυναμένης
1683 1767 1746 1806 διὰ

242 1826 289 1864 τὸ
309 1825 363 1872 μὴ
388 1821 620 1872 ὑπέκκαυμα
641 1822 753 1871 ἔχειν
774 1822 822 1862 τὸ
846 1821 1106 1870 ὑποκείμενον
1133 1823 1212 1872 πῦρ
1242 1819 1361 1862 αὐτός
1385 1837 1431 1860 τε
1455 1821 1744 1874 περιστραφεὶς

243 1878 317 1918 ὧδε
339 1879 502 1919 κάκεῖσε
535 1879 598 1917 καὶ
630 1878 678 1926 τὸ
710 1880 782 1916 τοῦ
805 1874 1048 1923 Ἡρακλέους
1079 1876 1246 1927 ἄγαλμα
1275 1876 1501 1929 προχείρως
1530 1879 1655 1929 εὑρὼν
1679 1878 1743 1917 καὶ

243 1934 465 1985 συντρίψας
486 1933 616 1980 ἐνίησι
639 1935 697 1983 τῷ
716 1933 805 1984 πυρὶ
832 1933 1002 1972 ἐπειπὼν
1023 1931 1085 1971 ἐπ’
1108 1930 1219 1970 αὐτό·

316 2019 550 2087 <πρὸς>
580 2018 787 2071 δώδεκα
815 2022 997 2070 τοῖσιν
1025 2017 1217 2075 ἄθλοις

983 2092 994 2110 5
1040 2090 1053 2109 Ι

315 2091 772 2163 τρισκαιδέκατον
799 2089 939 2144 τόνδ’
970 2098 1221 2144 ετελεσεν
1247 2088 1530 2160 (Ηρακλῆς
1559 2089 1685 2147 δῖος.

296 2237 313 2262 ²
341 2238 432 2277 this
461 2237 548 2276 line
580 2237 683 2289 only
714 2238 757 2276 in
789 2236 889 2275 Did.
917 2239 1021 2285 (mss
1053 2236 1203 2288 ἕρπειν)
1361 2236 1378 2260 ²
1407 2237 1666 2276 ἐκτελεῖσθαι
1697 2236 1741 2274 in

242 2291 426 2334 Philod:
460 2291 579 2332 Sext.
607 2291 731 2344 Emp.
759 2294 945 2330 τελεῖται

298 2471 314 2495 ¹
343 2471 396 2511 cf.
433 2470 652 2523 Didymus
690 2470 817 2510 Alex.
851 2471 898 2510 de
935 2471 1055 2510 Trin.
1085 2471 1122 2510 3.
1162 2472 1194 2509 1.
1231 2470 1324 2517 784,
1367 2469 1490 2509 Eust.
1534 2469 1627 2509 258.
1669 2469 1736 2519 26,

241 2525 433 2578 Hesyeh.
469 2528 556 2565 θεὸς
588 2523 675 2565 θεός
786 2526 801 2548 ²
829 2524 1093 2577 apparently
1114 2523 1319 2564 imitated
1348 2523 1407 2576 by
1437 2524 1514 2563 Ar.
1546 2525 1626 2563 Av.
1661 2525 1742 2563 544

241 2583 343 2620 κατὰ
375 2581 538 2630 δαίμονα
577 2582 640 2620 καὶ
676 2578 835 2632 <nav-a>
877 2580 1133 2630 συντυχίαν;
1177 2578 1230 2620 cf.
1279 2578 1402 2619 Sext.
1434 2577 1560 2630 Emp.
1591 2579 1630 2618 9.
1661 2579 1742 2618 402

239 2661 299 2706 66
