1900 3072
759 242 946 288 LYRA
994 243 1276 289 GRAECA

984 374 1044 421 51

314 460 437 500 E.M.
494 463 675 499 εἴδωλον·
716 460 741 508 ἡ
773 461 850 499 ἀπὸ
884 463 956 500 τοῦ
988 461 1175 510 σώματος
1206 462 1406 509 σκιοειδὴς
1442 459 1634 513 ἆπόρροια
1663 492 1671 500 .
1707 491 1720 503 .
1752 492 1763 502 .

263 515 313 555 ὡς
343 515 407 554 καὶ
439 514 711 565 Βακχυλίδης·

420 604 789 672 μελαγκευθὲς
819 604 1045 657 εἴδωλον
1073 604 1266 674 ἀνδρὸς
1294 604 1615 672 Ἰθακησίου

986 797 1047 845 52

318 884 424 924 Ath.
471 886 508 924 1.
550 884 603 923 ‘20
638 896 659 922 C
718 885 774 934 [π.
816 882 1063 937 ὀρχήσεως]·
1109 882 1218 924 οὗτοι
1253 884 1323 924 οὖν
1355 884 1519 934 πάντες,
1555 888 1575 924 ὁ
1608 883 1769 935 σύμπας

265 941 387 988 δῆμος
415 941 490 985 τῆς
519 938 766 987 οἰκουμένης,
802 942 876 979 τὸν
906 939 968 988 ἐφ’
1000 940 1108 988 ἡμῖν,
1143 940 1259 990 φησί,
1294 940 1526 992 φιλόσοφον
1555 940 1769 991 ὀρχηστὴν

266 995 430 1046 Μέμφιν
478 992 681 1034 ἐκάλεσαν
728 992 1049 1047 ἀπαρχαΐζοντες
1091 995 1167 1041 τὴν
1207 995 1268 1033 διὰ
1307 999 1380 1035 τοῦ
1419 996 1605 1044 σώματος
1644 997 1768 1036 αὐτοῦ

265 1048 422 1096 κίνησιν
450 1052 499 1101 τῇ
530 1052 611 1088 τῶν
640 1046 800 1088 πόλεων
835 1049 1088 1102 ἀρχαιοτάτῃ
1130 1050 1193 1089 καὶ
1233 1049 1563 1104 βασιλικωτάτῃ,
1593 1051 1680 1104 περὶ
1720 1049 1769 1098 ’ἧς

265 1103 524 1154 Βακχυλίδης
554 1103 670 1156 φησί·

661 1193 674 1214 Χ
757 1194 769 1211 3
857 1193 869 1210 Ι
1030 1193 1041 1210 Ι
1268 1194 1280 1214 Ι

615 1217 715 1246 ταν
742 1215 1074 1264 αχειμαντον
1103 1217 1160 1246 τε
1188 1197 1418 1265 ἈιῙεμφιν

616 1266 707 1318 καὶ
739 1266 1049 1320 δονακώδεα
1079 1269 1286 1320 Νεῖλον

989 1460 1051 1506 53

320 1546 472 1585 Ioann.
518 1545 599 1586 Sic.
645 1546 724 1586 Rh.
773 1547 843 1586 Gr.
889 1545 1015 1585 Walz
1055 1548 1092 1586 6.
1136 1547 1212 1585 241
1274 1546 1389 1597 ἄβροὶ
1433 1547 1481 1586 τὸ
1521 1547 1696 1587 παλαιὸν
1735 1548 1771 1586 οἱ

267 1607 422 1702 δξιῖιῖῑ,
458 1602 507 1641 ὥς
541 1618 617 1640 που
650 1602 712 1640 καὶ
748 1601 1007 1651 Βακχυλίδης
1042 1602 1159 1653 φησί,
1193 1602 1266 1640 τὸν
1305 1606 1420 1653 σφῶν
1460 1604 1591 1641 αὐτῶν
1621 1603 1770 1654 ῥυθμὸν

467 1730 737 1800 ἁβρότητι
765 1731 1020 1800 ξυνέασιν
1039 1732 1060 1764 1
1091 1732 1271 1788 Ἴωνες
1296 1734 1574 1799 βασιλῆες

989 1938 1054 1984 54

323 2031 456 2072 Prisc.
496 2033 592 2074 Met.
640 2032 727 2072 Ter.
771 2033 914 2071 G'ram.
954 2033 1048 2071 Lac.
1087 2032 1190 2071 Keil
1228 2033 1265 2073 3.
1306 2033 1397 2072 428.
1439 2033 1518 2073 21:
1563 2031 1769 2072 similiter

267 2086 556 2138 Bacchylides

382 2175 596 2247 χρυσὸν
621 2177 840 2245 βροτῶν
867 2175 1143 2244 «γνώμαισι
1169 2176 1362 2244 μανύει
1389 2175 1649 2247 καθαρόν.

269 2290 338 2329 hic
358 2304 530 2344 quoque
551 2289 762 2329 iambicus
778 2291 793 2315 2
815 2292 859 2330 in
881 2290 966 2330 fine
986 2290 1245 2343 tribrachyn
1266 2290 1415 2332 habet..

325 2441 341 2465 1
370 2441 491 2493 perh.
537 2442 698 2485 <τοί>
733 2442 798 2489 Ε;
842 2441 923 2481 but
956 2441 1008 2481 cf.
1046 2441 1151 2481 ibid.
1192 2444 1228 2482 5.
1269 2442 1349 2481 493
1382 2441 1469 2481 and
1502 2441 1542 2484 7.
1575 2442 1655 2481 932
1688 2445 1769 2481 τῶν

270 2495 472 2545 ἁβροβίων
500 2497 641 2536 Ἰώνων
671 2497 766 2546 ἄναξ
796 2497 973 2536 whence
1008 2498 1040 2535 Β
1070 2496 1197 2536 reads
1227 2496 1369 2536 Ἰώνων
1397 2497 1500 2535 here
1635 2497 1652 2520 ²
1682 2509 1768 2535 mss

270 2551 439 2591 iambus

274 2693 368 2736 206
