<?xml version="1.0" encoding="UTF-8"?>
<!DOCTYPE html PUBLIC "-//W3C//DTD XHTML 1.0 Transitional//EN"
    "http://www.w3.org/TR/xhtml1/DTD/xhtml1-transitional.dtd">
<html xmlns="http://www.w3.org/1999/xhtml" xml:lang="en" lang="en">
 <head>
  <title>
</title>
<meta http-equiv="Content-Type" content="text/html;charset=utf-8" />
  <meta name='ocr-system' content='tesseract 3.04.00' />
  <meta name='ocr-capabilities' content='ocr_page ocr_carea ocr_par ocr_line ocrx_word'/>
</head>
<body>
  <div class='ocr_page' id='page_1' title='image "./lyragraecabeingr03edmouoft_0100.png"; bbox 0 0 1900 3072; ppageno 0'>
   <div class='ocr_carea' id='block_1_1' title="bbox 772 229 1286 280">
    <p class='ocr_par' dir='ltr' id='par_1_1' title="bbox 772 229 1286 280">
     <span class='ocr_line' id='line_1_1' title="bbox 772 229 1286 280; baseline 0 -1"><span class='ocrx_word' id='word_1_1' title='bbox 772 230 959 279; x_wconf 87' lang='lat' dir='ltr'>LYRA</span> <span class='ocrx_word' id='word_1_2' title='bbox 1007 229 1286 280; x_wconf 88' lang='lat' dir='ltr'><strong>GRAECA</strong></span> 
     </span>
    </p>
   </div>
   <div class='ocr_carea' id='block_1_2' title="bbox 279 356 1780 794">
    <p class='ocr_par' dir='ltr' id='par_1_2' title="bbox 279 356 1780 794">
     <span class='ocr_line' id='line_1_2' title="bbox 349 356 1779 431; baseline 0.003 -22"><span class='ocrx_word' id='word_1_3' title='bbox 349 364 421 411; x_wconf 91' lang='lat' dir='ltr'>Id.</span> <span class='ocrx_word' id='word_1_4' title='bbox 448 366 544 415; x_wconf 88' lang='grc'>166</span> <span class='ocrx_word' id='word_1_5' title='bbox 569 360 850 429; x_wconf 87' lang='grc' dir='ltr'>[στάθμας</span> <span class='ocrx_word' id='word_1_6' title='bbox 873 356 880 429; x_wconf 68' lang='lat' dir='ltr'>l</span> <span class='ocrx_word' id='word_1_7' title='bbox 904 359 957 414; x_wconf 86' lang='grc' dir='ltr'>δέ</span> <span class='ocrx_word' id='word_1_8' title='bbox 979 382 1120 418; x_wconf 91' lang='grc' dir='ltr'>τινος</span> <span class='ocrx_word' id='word_1_9' title='bbox 1140 359 1419 428; x_wconf 82' lang='grc' dir='ltr'>ἐλδόμενοι</span> <span class='ocrx_word' id='word_1_10' title='bbox 1436 361 1452 391; x_wconf 85' lang='lat'>¹</span> <span class='ocrx_word' id='word_1_11' title='bbox 1476 357 1482 431; x_wconf 87' lang='grc' dir='ltr'>Ι</span> <span class='ocrx_word' id='word_1_12' title='bbox 1510 364 1779 430; x_wconf 72' lang='grc' dir='ltr'>περισσᾶς</span> 
     </span>
     <span class='ocr_line' id='line_1_3' title="bbox 280 428 1775 507; baseline 0.002 -24"><span class='ocrx_word' id='word_1_13' title='bbox 280 431 550 500; x_wconf 79' lang='grc' dir='ltr'>ἐνέπαξαν</span> <span class='ocrx_word' id='word_1_14' title='bbox 602 434 687 486; x_wconf 81' lang='grc' dir='ltr'>ἕλ-</span> <span class='ocrx_word' id='word_1_15' title='bbox 697 430 805 503; x_wconf 56' lang='lat' dir='ltr'>lxo?</span> <span class='ocrx_word' id='word_1_16' title='bbox 848 431 1105 503; x_wconf 82' lang='grc' dir='ltr'>ὀδυναρὸν</span> <span class='ocrx_word' id='word_1_17' title='bbox 1159 433 1218 503; x_wconf 78' lang='grc' dir='ltr'>ἑᾷ</span> <span class='ocrx_word' id='word_1_18' title='bbox 1270 431 1482 502; x_wconf 83' lang='grc' dir='ltr'>πρόσθε</span> <span class='ocrx_word' id='word_1_19' title='bbox 1522 431 1734 507; x_wconf 83' lang='grc' dir='ltr'>καρδία,</span> <span class='ocrx_word' id='word_1_20' title='bbox 1766 428 1775 502; x_wconf 75' lang='grc' dir='ltr'>Ι</span> 
     </span>
     <span class='ocr_line' id='line_1_4' title="bbox 280 504 1777 596; baseline 0.003 -42"><span class='ocrx_word' id='word_1_21' title='bbox 280 505 410 571; x_wconf 88' lang='grc' dir='ltr'>πρὶν</span> <span class='ocrx_word' id='word_1_22' title='bbox 467 505 576 560; x_wconf 87' lang='grc' dir='ltr'>ὅσα</span> <span class='ocrx_word' id='word_1_23' title='bbox 627 504 896 596; x_wconf 84' lang='grc' dir='ltr'>φροντίδι</span> <span class='ocrx_word' id='word_1_24' title='bbox 931 527 1219 574; x_wconf 89' lang='grc' dir='ltr'>μητιονται</span> <span class='ocrx_word' id='word_1_25' title='bbox 1271 507 1563 576; x_wconf 86' lang='grc' dir='ltr'>τυχεῖν]·.</span> <span class='ocrx_word' id='word_1_26' title='bbox 1677 548 1688 558; x_wconf 91' lang='grc'><strong>.</strong></span> <span class='ocrx_word' id='word_1_27' title='bbox 1745 507 1777 570; x_wconf 86' lang='grc' dir='ltr'>ἡ</span> 
     </span>
     <span class='ocr_line' id='line_1_5' title="bbox 280 576 1780 648; baseline 0.002 -21"><span class='ocrx_word' id='word_1_28' title='bbox 280 576 532 648; x_wconf 85' lang='grc' dir='ltr'>(ιναφορὰ</span> <span class='ocrx_word' id='word_1_29' title='bbox 574 578 749 633; x_wconf 90' lang='grc' dir='ltr'>πάλιν</span> <span class='ocrx_word' id='word_1_30' title='bbox 795 577 932 648; x_wconf 83' lang='grc' dir='ltr'>πρὸς</span> <span class='ocrx_word' id='word_1_31' title='bbox 974 577 1350 648; x_wconf 87' lang='grc' dir='ltr'>Βακχυλίδην.</span> <span class='ocrx_word' id='word_1_32' title='bbox 1426 583 1690 644; x_wconf 77' lang='grc' dir='ltr'>εὶληπται</span> <span class='ocrx_word' id='word_1_33' title='bbox 1724 577 1780 630; x_wconf 84' lang='grc' dir='ltr'>δὲ</span> 
     </span>
     <span class='ocr_line' id='line_1_6' title="bbox 279 649 1779 721; baseline 0.002 -21"><span class='ocrx_word' id='word_1_34' title='bbox 279 649 449 707; x_wconf 85' lang='grc' dir='ltr'>οὕτως</span> <span class='ocrx_word' id='word_1_35' title='bbox 498 653 530 718; x_wconf 82' lang='grc' dir='ltr'>ἡ</span> <span class='ocrx_word' id='word_1_36' title='bbox 586 651 814 711; x_wconf 82' lang='grc' dir='ltr'>διάνοια,</span> <span class='ocrx_word' id='word_1_37' title='bbox 863 649 950 704; x_wconf 80' lang='grc' dir='ltr'>διὰ</span> <span class='ocrx_word' id='word_1_38' title='bbox 1004 650 1064 703; x_wconf 85' lang='grc' dir='ltr'>τὸ</span> <span class='ocrx_word' id='word_1_39' title='bbox 1119 649 1269 718; x_wconf 81' lang='grc' dir='ltr'>παρὰ</span> <span class='ocrx_word' id='word_1_40' title='bbox 1327 653 1400 721; x_wconf 76' lang='grc' dir='ltr'>τῷ</span> <span class='ocrx_word' id='word_1_41' title='bbox 1452 650 1657 721; x_wconf 86' lang='grc' dir='ltr'>Ἱέρωνι</span> <span class='ocrx_word' id='word_1_42' title='bbox 1710 649 1779 704; x_wconf 81' lang='grc' dir='ltr'>τὰ</span> 
     </span>
     <span class='ocr_line' id='line_1_7' title="bbox 281 723 1417 794; baseline 0.003 -21"><span class='ocrx_word' id='word_1_43' title='bbox 281 723 644 794; x_wconf 71' lang='grc' dir='ltr'>Βακχυλίδου</span> <span class='ocrx_word' id='word_1_44' title='bbox 683 723 1080 793; x_wconf 90' lang='grc' dir='ltr'>προκρινεσθαι</span> <span class='ocrx_word' id='word_1_45' title='bbox 1120 723 1417 791; x_wconf 88' lang='grc' dir='ltr'>ποιήματα.</span> 
     </span>
    </p>
   </div>
   <div class='ocr_carea' id='block_1_3' title="bbox 277 827 1782 1552">
    <p class='ocr_par' dir='ltr' id='par_1_3' title="bbox 277 827 1782 1552">
     <span class='ocr_line' id='line_1_8' title="bbox 306 827 1779 918; baseline 0.003 -41.136"><span class='ocrx_word' id='word_1_46' title='bbox 306 829 757 918; x_wconf 42' lang='lat' dir='ltr'>[LonginQJrSubl.</span> <span class='ocrx_word' id='word_1_47' title='bbox 787 836 850 882; x_wconf 84' lang='lat'>33</span> <span class='ocrx_word' id='word_1_48' title='bbox 910 827 964 881; x_wconf 89' lang='grc' dir='ltr'>τί</span> <span class='ocrx_word' id='word_1_49' title='bbox 1002 827 1096 888; x_wconf 88' lang='grc' dir='ltr'>δέ,·</span> <span class='ocrx_word' id='word_1_50' title='bbox 1140 829 1193 881; x_wconf 85' lang='grc' dir='ltr'>ἐν</span> <span class='ocrx_word' id='word_1_51' title='bbox 1228 827 1423 893; x_wconf 81' lang='grc' dir='ltr'>μέλεσι</span> <span class='ocrx_word' id='word_1_52' title='bbox 1461 831 1678 895; x_wconf 83' lang='grc' dir='ltr'>μᾶλλον</span> <span class='ocrx_word' id='word_1_53' title='bbox 1712 828 1779 882; x_wconf 84' lang='grc' dir='ltr'>ἂν</span> 
     </span>
     <span class='ocr_line' id='line_1_9' title="bbox 277 897 1779 971; baseline 0.002 -20"><span class='ocrx_word' id='word_1_54' title='bbox 277 897 416 952; x_wconf 83' lang='grc' dir='ltr'>εἶναι</span> <span class='ocrx_word' id='word_1_55' title='bbox 456 900 809 971; x_wconf 78' lang='grc' dir='ltr'>Βακχυλίδης</span> <span class='ocrx_word' id='word_1_56' title='bbox 843 901 990 954; x_wconf 82' lang='grc' dir='ltr'>ἕλοιο</span> <span class='ocrx_word' id='word_1_57' title='bbox 1032 900 1065 967; x_wconf 80' lang='grc' dir='ltr'>ἦ</span> <span class='ocrx_word' id='word_1_58' title='bbox 1105 900 1390 971; x_wconf 88' lang='grc' dir='ltr'>Πινδαρος,</span> <span class='ocrx_word' id='word_1_59' title='bbox 1429 901 1522 954; x_wconf 86' lang='grc' dir='ltr'>καὶ</span> <span class='ocrx_word' id='word_1_60' title='bbox 1560 902 1614 954; x_wconf 88' lang='grc' dir='ltr'>ἐν</span> <span class='ocrx_word' id='word_1_61' title='bbox 1654 923 1779 971; x_wconf 87' lang='grc' dir='ltr'>τρα-</span> 
     </span>
     <span class='ocr_line' id='line_1_10' title="bbox 278 970 1779 1045; baseline 0.002 -22"><span class='ocrx_word' id='word_1_62' title='bbox 278 970 449 1045; x_wconf 73' lang='grc' dir='ltr'>Ὑο)δία</span> <span class='ocrx_word' id='word_1_63' title='bbox 493 974 617 1026; x_wconf 88' lang='grc' dir='ltr'>Ἴων</span> <span class='ocrx_word' id='word_1_64' title='bbox 656 972 682 1026; x_wconf 91' lang='grc' dir='ltr'>ὁ</span> <span class='ocrx_word' id='word_1_65' title='bbox 724 976 856 1030; x_wconf 78' lang='grc' dir='ltr'>Χῖος</span> <span class='ocrx_word' id='word_1_66' title='bbox 896 973 927 1038; x_wconf 85' lang='grc' dir='ltr'>ἢ</span> <span class='ocrx_word' id='word_1_67' title='bbox 969 972 1030 1039; x_wconf 87' lang='grc' dir='ltr'>νὴ</span> <span class='ocrx_word' id='word_1_68' title='bbox 1066 973 1172 1026; x_wconf 90' lang='grc' dir='ltr'>Δία</span> <span class='ocrx_word' id='word_1_69' title='bbox 1216 972 1546 1043; x_wconf 85' lang='grc' dir='ltr'>Σοφοκλῆς,·</span> <span class='ocrx_word' id='word_1_70' title='bbox 1592 973 1779 1041; x_wconf 85' lang='grc' dir='ltr'>ἐπειδὴ</span> 
     </span>
     <span class='ocr_line' id='line_1_11' title="bbox 279 1043 1779 1135; baseline 0.003 -40"><span class='ocrx_word' id='word_1_71' title='bbox 279 1043 330 1096; x_wconf 86' lang='grc' dir='ltr'>οἱ</span> <span class='ocrx_word' id='word_1_72' title='bbox 368 1045 466 1112; x_wconf 87' lang='grc' dir='ltr'>μὲν</span> <span class='ocrx_word' id='word_1_73' title='bbox 511 1045 854 1099; x_wconf 84' lang='grc' dir='ltr'>ἀδιάπτωτοι</span> <span class='ocrx_word' id='word_1_74' title='bbox 906 1046 997 1099; x_wconf 88' lang='grc' dir='ltr'>καὶ</span> <span class='ocrx_word' id='word_1_75' title='bbox 1048 1047 1101 1100; x_wconf 88' lang='grc' dir='ltr'>ἐν</span> <span class='ocrx_word' id='word_1_76' title='bbox 1148 1050 1221 1116; x_wconf 79' lang='grc' dir='ltr'>τῷ</span> <span class='ocrx_word' id='word_1_77' title='bbox 1273 1050 1561 1135; x_wconf 64' lang='grc' dir='ltr'>«γλαφυρῷ</span> <span class='ocrx_word' id='word_1_78' title='bbox 1596 1047 1779 1112; x_wconf 87' lang='grc' dir='ltr'>πάντη</span> 
     </span>
     <span class='ocr_line' id='line_1_12' title="bbox 283 1116 1777 1212; baseline 0.003 -44"><span class='ocrx_word' id='word_1_79' title='bbox 283 1118 886 1212; x_wconf 77' lang='grc' dir='ltr'>κεκαλλιὙραφημένοι,</span> <span class='ocrx_word' id='word_1_80' title='bbox 926 1117 951 1171; x_wconf 89' lang='grc' dir='ltr'><em>ὁ</em></span> <span class='ocrx_word' id='word_1_81' title='bbox 997 1117 1050 1171; x_wconf 81' lang='grc' dir='ltr'>δὲ</span> <span class='ocrx_word' id='word_1_82' title='bbox 1091 1117 1362 1187; x_wconf 88' lang='grc' dir='ltr'>Πίνδαρος</span> <span class='ocrx_word' id='word_1_83' title='bbox 1401 1119 1495 1172; x_wconf 91' lang='grc' dir='ltr'>καὶ</span> <span class='ocrx_word' id='word_1_84' title='bbox 1536 1117 1562 1172; x_wconf 89' lang='grc' dir='ltr'>ὁ</span> <span class='ocrx_word' id='word_1_85' title='bbox 1601 1116 1777 1190; x_wconf 80' lang='grc' dir='ltr'>Σοφο-</span> 
     </span>
     <span class='ocr_line' id='line_1_13' title="bbox 281 1190 1776 1263; baseline 0.001 -23"><span class='ocrx_word' id='word_1_86' title='bbox 281 1197 417 1259; x_wconf 79' lang='grc' dir='ltr'>κλῆς</span> <span class='ocrx_word' id='word_1_87' title='bbox 452 1190 543 1244; x_wconf 84' lang='grc' dir='ltr'>ὅτε</span> <span class='ocrx_word' id='word_1_88' title='bbox 586 1191 682 1259; x_wconf 85' lang='grc' dir='ltr'>μὲν</span> <span class='ocrx_word' id='word_1_89' title='bbox 722 1191 834 1245; x_wconf 87' lang='grc' dir='ltr'>οἶον</span> <span class='ocrx_word' id='word_1_90' title='bbox 871 1191 1055 1244; x_wconf 84' lang='grc' dir='ltr'>πάντα</span> <span class='ocrx_word' id='word_1_91' title='bbox 1097 1190 1466 1260; x_wconf 78' lang='grc' dir='ltr'>ἐπιφλέγουσι</span> <span class='ocrx_word' id='word_1_92' title='bbox 1506 1196 1572 1261; x_wconf 84' lang='grc' dir='ltr'>τῇ</span> <span class='ocrx_word' id='word_1_93' title='bbox 1615 1195 1776 1263; x_wconf 76' lang='grc' dir='ltr'>φορᾷ,</span> 
     </span>
     <span class='ocr_line' id='line_1_14' title="bbox 277 1263 1782 1332; baseline 0.002 -18"><span class='ocrx_word' id='word_1_94' title='bbox 277 1264 610 1327; x_wconf 77' lang='grc' dir='ltr'>σβέννυνται</span> <span class='ocrx_word' id='word_1_95' title='bbox 655 1263 698 1316; x_wconf 83' lang='grc' dir='ltr'>δ’</span> <span class='ocrx_word' id='word_1_96' title='bbox 744 1263 960 1332; x_wconf 63' lang='grc' dir='ltr'>ἀλόνγως</span> <span class='ocrx_word' id='word_1_97' title='bbox 1004 1264 1281 1321; x_wconf 76' lang='grc' dir='ltr'>πολλάκις</span> <span class='ocrx_word' id='word_1_98' title='bbox 1335 1264 1424 1317; x_wconf 87' lang='grc' dir='ltr'>καὶ</span> <span class='ocrx_word' id='word_1_99' title='bbox 1475 1264 1782 1318; x_wconf 84' lang='grc' dir='ltr'>πίπτουσιν</span> 
     </span>
     <span class='ocr_line' id='line_1_15' title="bbox 279 1335 1778 1407; baseline 0.001 -20"><span class='ocrx_word' id='word_1_100' title='bbox 279 1335 656 1407; x_wconf 83' lang='grc' dir='ltr'>ἀτυχέστατα.</span> <span class='ocrx_word' id='word_1_101' title='bbox 735 1337 808 1404; x_wconf 71' lang='grc' dir='ltr'>ἧ2</span> <span class='ocrx_word' id='word_1_102' title='bbox 844 1336 1014 1394; x_wconf 82' lang='grc' dir='ltr'>οὐδεὶς</span> <span class='ocrx_word' id='word_1_103' title='bbox 1051 1337 1116 1389; x_wconf 83' lang='grc' dir='ltr'>ἂν</span> <span class='ocrx_word' id='word_1_104' title='bbox 1161 1337 1220 1389; x_wconf 77' lang='grc' dir='ltr'>εὖ</span> <span class='ocrx_word' id='word_1_105' title='bbox 1257 1340 1472 1407; x_wconf 86' lang='grc' dir='ltr'>φρονῶν</span> <span class='ocrx_word' id='word_1_106' title='bbox 1506 1337 1617 1394; x_wconf 83' lang='grc' dir='ltr'>ἑνὸς</span> <span class='ocrx_word' id='word_1_107' title='bbox 1654 1336 1778 1407; x_wconf 83' lang='grc' dir='ltr'>δρά-</span> 
     </span>
     <span class='ocr_line' id='line_1_16' title="bbox 277 1408 1779 1475; baseline 0.002 -15"><span class='ocrx_word' id='word_1_108' title='bbox 277 1430 451 1475; x_wconf 93' lang='grc' dir='ltr'>ματος</span> <span class='ocrx_word' id='word_1_109' title='bbox 481 1413 577 1462; x_wconf 85' lang='grc' dir='ltr'>τοῦ</span> <span class='ocrx_word' id='word_1_110' title='bbox 606 1409 902 1468; x_wconf 86' lang='grc' dir='ltr'>Οἰδίποδος</span> <span class='ocrx_word' id='word_1_111' title='bbox 943 1409 1015 1467; x_wconf 87' lang='grc' dir='ltr'>εἰς</span> <span class='ocrx_word' id='word_1_112' title='bbox 1051 1409 1218 1463; x_wconf 85' lang='grc' dir='ltr'>ταύτὸ</span> <span class='ocrx_word' id='word_1_113' title='bbox 1253 1409 1470 1467; x_wconf 85' lang='grc' dir='ltr'>συνθεὶς</span> <span class='ocrx_word' id='word_1_114' title='bbox 1497 1408 1567 1463; x_wconf 83' lang='grc' dir='ltr'>τὰ</span> <span class='ocrx_word' id='word_1_115' title='bbox 1592 1409 1779 1467; x_wconf 87' lang='grc' dir='ltr'>’Ίωνος</span> 
     </span>
     <span class='ocr_line' id='line_1_17' title="bbox 280 1481 1067 1552; baseline 0.006 -18"><span class='ocrx_word' id='word_1_116' title='bbox 280 1481 442 1535; x_wconf 80' lang='grc' dir='ltr'>πάντ’</span> <span class='ocrx_word' id='word_1_117' title='bbox 473 1483 893 1551; x_wconf 86' lang='grc' dir='ltr'>ἀντιτιμήσαιτο</span> <span class='ocrx_word' id='word_1_118' title='bbox 928 1483 1067 1552; x_wconf 71' lang='grc' dir='ltr'>ἑξῆς</span> 
     </span>
    </p>
   </div>
   <div class='ocr_carea' id='block_1_4' title="bbox 278 1585 1779 2093">
    <p class='ocr_par' dir='ltr' id='par_1_4' title="bbox 278 1585 1779 2093">
     <span class='ocr_line' id='line_1_18' title="bbox 346 1585 1779 1674; baseline 0.005 -40"><span class='ocrx_word' id='word_1_119' title='bbox 346 1590 578 1638; x_wconf 88' lang='lat' dir='ltr'>Ammon.</span> <span class='ocrx_word' id='word_1_120' title='bbox 636 1585 909 1674; x_wconf 76' lang='grc' dir='ltr'>Νηρείδες</span> <span class='ocrx_word' id='word_1_121' title='bbox 930 1591 1036 1640; x_wconf 87' lang='grc' dir='ltr'>τῶν</span> <span class='ocrx_word' id='word_1_122' title='bbox 1068 1591 1163 1640; x_wconf 87' lang='grc' dir='ltr'>τοῦ</span> <span class='ocrx_word' id='word_1_123' title='bbox 1198 1586 1422 1656; x_wconf 78' lang='grc' dir='ltr'>Νηρέως</span> <span class='ocrx_word' id='word_1_124' title='bbox 1462 1587 1779 1657; x_wconf 66' lang='grc' dir='ltr'>θυγατέρων</span> 
     </span>
     <span class='ocr_line' id='line_1_19' title="bbox 278 1655 1778 1729; baseline 0.004 -21"><span class='ocrx_word' id='word_1_125' title='bbox 278 1655 538 1727; x_wconf 83' lang='grc' dir='ltr'>διαφέρει.</span> <span class='ocrx_word' id='word_1_126' title='bbox 616 1657 909 1728; x_wconf 85' lang='grc' dir='ltr'>Δίδυμος</span> <span class='ocrx_word' id='word_1_127' title='bbox 885 1658 1079 1728; x_wconf 87' lang='grc' dir='ltr'>ομοίως</span> <span class='ocrx_word' id='word_1_128' title='bbox 1116 1660 1170 1713; x_wconf 86' lang='grc' dir='ltr'>ἐν</span> <span class='ocrx_word' id='word_1_129' title='bbox 1200 1659 1589 1729; x_wconf 83' lang='grc' dir='ltr'>Τπομνηματι</span> <span class='ocrx_word' id='word_1_130' title='bbox 1635 1663 1778 1714; x_wconf 87' lang='grc' dir='ltr'>Βακ-</span> 
     </span>
     <span class='ocr_line' id='line_1_20' title="bbox 278 1728 1778 1804; baseline 0.004 -23"><span class='ocrx_word' id='word_1_131' title='bbox 278 1728 512 1799; x_wconf 85' lang='grc' dir='ltr'>χυλίδου</span> <span class='ocrx_word' id='word_1_132' title='bbox 546 1730 860 1786; x_wconf 87' lang='grc' dir='ltr'>Επινίκων.</span> <span class='ocrx_word' id='word_1_133' title='bbox 937 1732 1079 1803; x_wconf 89' lang='grc' dir='ltr'>φησὶ</span> <span class='ocrx_word' id='word_1_134' title='bbox 1116 1732 1222 1804; x_wconf 64' lang='grc' dir='ltr'>Γγὰρ</span> <span class='ocrx_word' id='word_1_135' title='bbox 1262 1756 1404 1786; x_wconf 88' lang='grc' dir='ltr'>κατα</span> <span class='ocrx_word' id='word_1_136' title='bbox 1430 1732 1598 1802; x_wconf 80' lang='grc' dir='ltr'>λέξιν·</span> <span class='ocrx_word' id='word_1_137' title='bbox 1646 1733 1778 1787; x_wconf 87' lang='grc' dir='ltr'>Εἰσὶ</span> 
     </span>
     <span class='ocr_line' id='line_1_21' title="bbox 279 1800 1777 1876; baseline 0.004 -23"><span class='ocrx_word' id='word_1_138' title='bbox 279 1800 462 1856; x_wconf 86' lang='grc' dir='ltr'>τοίνυν</span> <span class='ocrx_word' id='word_1_139' title='bbox 503 1802 561 1855; x_wconf 89' lang='grc' dir='ltr'>οί</span> <span class='ocrx_word' id='word_1_140' title='bbox 590 1810 734 1875; x_wconf 91' lang='grc' dir='ltr'>φασι</span> <span class='ocrx_word' id='word_1_141' title='bbox 776 1804 1050 1876; x_wconf 85' lang='grc' dir='ltr'>διαφέρειν</span> <span class='ocrx_word' id='word_1_142' title='bbox 1089 1805 1185 1863; x_wconf 86' lang='grc' dir='ltr'>τὰς</span> <span class='ocrx_word' id='word_1_143' title='bbox 1219 1805 1493 1872; x_wconf 84' lang='grc' dir='ltr'>Νηρείδας</span> <span class='ocrx_word' id='word_1_144' title='bbox 1533 1809 1640 1860; x_wconf 86' lang='grc' dir='ltr'>τῶν</span> <span class='ocrx_word' id='word_1_145' title='bbox 1680 1809 1777 1859; x_wconf 88' lang='grc' dir='ltr'>τοῦ</span> 
     </span>
     <span class='ocr_line' id='line_1_22' title="bbox 280 1874 1778 1946; baseline 0.003 -19"><span class='ocrx_word' id='word_1_146' title='bbox 280 1874 504 1945; x_wconf 88' lang='grc' dir='ltr'>Νηρέως</span> <span class='ocrx_word' id='word_1_147' title='bbox 568 1877 897 1946; x_wconf 68' lang='grc' dir='ltr'>θυγατέρων,</span> <span class='ocrx_word' id='word_1_148' title='bbox 963 1878 1059 1931; x_wconf 87' lang='grc' dir='ltr'>καὶ</span> <span class='ocrx_word' id='word_1_149' title='bbox 1115 1877 1211 1936; x_wconf 83' lang='grc' dir='ltr'>τὰς</span> <span class='ocrx_word' id='word_1_150' title='bbox 1267 1878 1366 1945; x_wconf 87' lang='grc' dir='ltr'>μὲν</span> <span class='ocrx_word' id='word_1_151' title='bbox 1421 1879 1480 1931; x_wconf 88' lang='grc' dir='ltr'>ἐκ</span> <span class='ocrx_word' id='word_1_152' title='bbox 1537 1877 1778 1946; x_wconf 87' lang='grc' dir='ltr'>Δωρίδος</span> 
     </span>
     <span class='ocr_line' id='line_1_23' title="bbox 278 1947 1779 2040; baseline 0.003 -41"><span class='ocrx_word' id='word_1_153' title='bbox 278 1947 508 2014; x_wconf 63' lang='grc' dir='ltr'>«γνησίας</span> <span class='ocrx_word' id='word_1_154' title='bbox 551 1951 731 2004; x_wconf 83' lang='grc' dir='ltr'>αὐτῶν</span> <span class='ocrx_word' id='word_1_155' title='bbox 758 1951 1078 2040; x_wconf 78' lang='grc' dir='ltr'>θυὙατέρας</span> <span class='ocrx_word' id='word_1_156' title='bbox 1121 1951 1454 2019; x_wconf 87' lang='grc' dir='ltr'>νομίζεσθαι,</span> <span class='ocrx_word' id='word_1_157' title='bbox 1491 1949 1588 2008; x_wconf 84' lang='grc' dir='ltr'>τὰς</span> <span class='ocrx_word' id='word_1_158' title='bbox 1625 1950 1681 2004; x_wconf 87' lang='grc' dir='ltr'>δὲ</span> <span class='ocrx_word' id='word_1_159' title='bbox 1720 1952 1779 2018; x_wconf 81' lang='grc' dir='ltr'>ἐξ</span> 
     </span>
     <span class='ocr_line' id='line_1_24' title="bbox 280 2020 1572 2093; baseline 0.003 -21"><span class='ocrx_word' id='word_1_160' title='bbox 280 2020 471 2073; x_wconf 82' lang='grc' dir='ltr'>ἄλλων</span> <span class='ocrx_word' id='word_1_161' title='bbox 496 2021 598 2090; x_wconf 83' lang='grc' dir='ltr'>ἤδη</span> <span class='ocrx_word' id='word_1_162' title='bbox 626 2021 930 2093; x_wconf 88' lang='grc' dir='ltr'>κοινότερον</span> <span class='ocrx_word' id='word_1_163' title='bbox 960 2023 1228 2093; x_wconf 80' lang='grc' dir='ltr'>Νηρεΐδας</span> <span class='ocrx_word' id='word_1_164' title='bbox 1256 2023 1572 2076; x_wconf 84' lang='grc' dir='ltr'>καλεῖσθαι.</span> 
     </span>
    </p>
   </div>
   <div class='ocr_carea' id='block_1_5' title="bbox 347 2124 1779 2191">
    <p class='ocr_par' dir='ltr' id='par_1_5' title="bbox 347 2124 1779 2191">
     <span class='ocr_line' id='line_1_25' title="bbox 347 2124 1779 2191; baseline 0.003 -21"><span class='ocrx_word' id='word_1_165' title='bbox 347 2124 528 2189; x_wconf 89' lang='lat' dir='ltr'><strong>Porph.</strong></span> <span class='ocrx_word' id='word_1_166' title='bbox 556 2127 619 2173; x_wconf 89' lang='lat' dir='ltr'>ad</span> <span class='ocrx_word' id='word_1_167' title='bbox 647 2128 771 2176; x_wconf 89' lang='lat' dir='ltr'><strong>Hor.</strong></span> <span class='ocrx_word' id='word_1_168' title='bbox 797 2128 948 2177; x_wconf 84' lang='lat' dir='ltr'>Carm</span> <span class='ocrx_word' id='word_1_169' title='bbox 976 2130 1103 2176; x_wconf 88' lang='lat'>1.15</span> <span class='ocrx_word' id='word_1_170' title='bbox 1161 2128 1273 2174; x_wconf 85' lang='lat' dir='ltr'>Hac</span> <span class='ocrx_word' id='word_1_171' title='bbox 1299 2127 1395 2175; x_wconf 91' lang='lat' dir='ltr'>ode</span> <span class='ocrx_word' id='word_1_172' title='bbox 1422 2127 1779 2191; x_wconf 85' lang='lat' dir='ltr'>Bacchylidem</span> 
     </span>
    </p>
   </div>
   <div class='ocr_carea' id='block_1_6' title="bbox 277 2195 1778 2321">
    <p class='ocr_par' dir='ltr' id='par_1_6' title="bbox 277 2195 1778 2321">
     <span class='ocr_line' id='line_1_26' title="bbox 278 2195 1778 2250; baseline 0.002 -12"><span class='ocrx_word' id='word_1_173' title='bbox 278 2196 534 2250; x_wconf 80' lang='lat' dir='ltr'><strong>imitatur;</strong></span> <span class='ocrx_word' id='word_1_174' title='bbox 589 2212 705 2241; x_wconf 88' lang='lat' dir='ltr'>nam</span> <span class='ocrx_word' id='word_1_175' title='bbox 745 2202 803 2242; x_wconf 79' lang='lat' dir='ltr'>ut</span> <span class='ocrx_word' id='word_1_176' title='bbox 843 2196 930 2243; x_wconf 88' lang='lat' dir='ltr'><strong>ille</strong></span> <span class='ocrx_word' id='word_1_177' title='bbox 979 2195 1307 2242; x_wconf 84' lang='lat' dir='ltr'><strong>Cassandram</strong></span> <span class='ocrx_word' id='word_1_178' title='bbox 1356 2195 1478 2243; x_wconf 80' lang='lat' dir='ltr'><strong>facit</strong></span> <span class='ocrx_word' id='word_1_179' title='bbox 1517 2198 1778 2243; x_wconf 78' lang='lat' dir='ltr'><strong>vaticinari</strong></span> 
     </span>
     <span class='ocr_line' id='line_1_27' title="bbox 277 2260 1319 2321; baseline 0.004 -15"><span class='ocrx_word' id='word_1_180' title='bbox 277 2260 448 2308; x_wconf 83' lang='lat' dir='ltr'><strong>futura</strong></span> <span class='ocrx_word' id='word_1_181' title='bbox 474 2262 595 2309; x_wconf 89' lang='lat' dir='ltr'><strong>belli</strong></span> <span class='ocrx_word' id='word_1_182' title='bbox 620 2263 839 2321; x_wconf 88' lang='lat' dir='ltr'><strong>Troiani,</strong></span> <span class='ocrx_word' id='word_1_183' title='bbox 863 2267 934 2311; x_wconf 82' lang='lat' dir='ltr'>ita</span> <span class='ocrx_word' id='word_1_184' title='bbox 958 2263 1039 2310; x_wconf 87' lang='lat' dir='ltr'>hie</span> <span class='ocrx_word' id='word_1_185' title='bbox 1067 2264 1319 2310; x_wconf 81' lang='lat' dir='ltr'><strong>Proteum.</strong></span> 
     </span>
    </p>
   </div>
   <div class='ocr_carea' id='block_1_7' title="bbox 335 2407 1780 2462">
    <p class='ocr_par' dir='ltr' id='par_1_7' title="bbox 335 2407 1780 2462">
     <span class='ocr_line' id='line_1_28' title="bbox 335 2407 1780 2462; baseline 0.001 -15"><span class='ocrx_word' id='word_1_186' title='bbox 335 2407 350 2431; x_wconf 85' lang='lat'>¹</span> <span class='ocrx_word' id='word_1_187' title='bbox 372 2421 418 2447; x_wconf 86' lang='lat' dir='ltr'>so</span> <span class='ocrx_word' id='word_1_188' title='bbox 434 2410 493 2448; x_wconf 89' lang='lat' dir='ltr'>E:</span> <span class='ocrx_word' id='word_1_189' title='bbox 525 2422 612 2448; x_wconf 83' lang='lat' dir='ltr'>mss</span> <span class='ocrx_word' id='word_1_190' title='bbox 630 2408 840 2458; x_wconf 81' lang='grc' dir='ltr'>ἑλκόμενοι</span> <span class='ocrx_word' id='word_1_191' title='bbox 855 2409 1109 2462; x_wconf 77' lang='lat' dir='ltr'>(corrupted</span> <span class='ocrx_word' id='word_1_192' title='bbox 1125 2410 1236 2450; x_wconf 84' lang='lat' dir='ltr'><strong>from</strong></span> <span class='ocrx_word' id='word_1_193' title='bbox 1253 2409 1372 2450; x_wconf 81' lang='grc' dir='ltr'>ἕλκος</span> <span class='ocrx_word' id='word_1_194' title='bbox 1387 2408 1546 2460; x_wconf 87' lang='lat' dir='ltr'>below)</span> <span class='ocrx_word' id='word_1_195' title='bbox 1601 2408 1618 2434; x_wconf 83' lang='lat'><em>²</em></span> <span class='ocrx_word' id='word_1_196' title='bbox 1636 2408 1734 2449; x_wconf 84' lang='lat' dir='ltr'><strong>edd.</strong></span> <span class='ocrx_word' id='word_1_197' title='bbox 1754 2410 1780 2457; x_wconf 87' lang='grc' dir='ltr'>ἤ</span> 
     </span>
    </p>
   </div>
   <div class='ocr_carea' id='block_1_8' title="bbox 278 2545 1780 2655">
    <p class='ocr_par' dir='ltr' id='par_1_8' title="bbox 278 2545 1780 2655">
     <span class='ocr_line' id='line_1_29' title="bbox 335 2545 1780 2600; baseline 0 -15"><span class='ocrx_word' id='word_1_198' title='bbox 335 2545 350 2570; x_wconf 91' lang='lat'>¹</span> <span class='ocrx_word' id='word_1_199' title='bbox 380 2546 446 2586; x_wconf 78' lang='lat' dir='ltr'>lit.</span> <span class='ocrx_word' id='word_1_200' title='bbox 477 2546 569 2586; x_wconf 76' lang='lat' dir='ltr'><strong>‘for</strong></span> <span class='ocrx_word' id='word_1_201' title='bbox 589 2549 810 2587; x_wconf 80' lang='lat' dir='ltr'><strong>excessive</strong></span> <span class='ocrx_word' id='word_1_202' title='bbox 831 2547 1052 2587; x_wconf 83' lang='lat' dir='ltr'><strong>measure&#39;</strong></span> <span class='ocrx_word' id='word_1_203' title='bbox 1220 2547 1236 2573; x_wconf 78' lang='lat'><strong>2</strong></span> <span class='ocrx_word' id='word_1_204' title='bbox 1266 2547 1484 2600; x_wconf 82' lang='lat' dir='ltr'><strong>Didymus</strong></span> <span class='ocrx_word' id='word_1_205' title='bbox 1515 2546 1780 2599; x_wconf 75' lang='lat' dir='ltr'><strong>apparently</strong></span> 
     </span>
     <span class='ocr_line' id='line_1_30' title="bbox 278 2599 1778 2655; baseline 0.001 -16"><span class='ocrx_word' id='word_1_206' title='bbox 278 2599 522 2653; x_wconf 87' lang='lat' dir='ltr'><strong>disagreed‚</strong></span> <span class='ocrx_word' id='word_1_207' title='bbox 556 2601 637 2642; x_wconf 77' lang='lat' dir='ltr'>but</span> <span class='ocrx_word' id='word_1_208' title='bbox 666 2603 712 2642; x_wconf 87' lang='lat' dir='ltr'>in</span> <span class='ocrx_word' id='word_1_209' title='bbox 741 2616 828 2655; x_wconf 84' lang='lat' dir='ltr'>any</span> <span class='ocrx_word' id='word_1_210' title='bbox 858 2616 955 2642; x_wconf 84' lang='lat' dir='ltr'><strong>ease</strong></span> <span class='ocrx_word' id='word_1_211' title='bbox 986 2602 1076 2642; x_wconf 79' lang='lat' dir='ltr'>this</span> <span class='ocrx_word' id='word_1_212' title='bbox 1107 2615 1206 2654; x_wconf 87' lang='lat' dir='ltr'>may</span> <span class='ocrx_word' id='word_1_213' title='bbox 1235 2601 1289 2642; x_wconf 89' lang='lat' dir='ltr'>be</span> <span class='ocrx_word' id='word_1_214' title='bbox 1327 2601 1464 2642; x_wconf 81' lang='lat' dir='ltr'><strong>taken</strong></span> <span class='ocrx_word' id='word_1_215' title='bbox 1490 2614 1540 2642; x_wconf 79' lang='lat' dir='ltr'>as</span> <span class='ocrx_word' id='word_1_216' title='bbox 1570 2600 1778 2641; x_wconf 85' lang='lat' dir='ltr'><strong>evidence</strong></span> 
     </span>
    </p>
   </div>
   <div class='ocr_carea' id='block_1_9' title="bbox 279 2678 342 2736">
    <p class='ocr_par' dir='ltr' id='par_1_9' title="bbox 279 2678 342 2736">
     <span class='ocr_line' id='line_1_31' title="bbox 279 2678 342 2736; baseline 0 0"><span class='ocrx_word' id='word_1_217' title='bbox 279 2678 342 2736; x_wconf 87' lang='lat'>84</span> 
     </span>
    </p>
   </div>
  </div>
 </body>
</html>
