1900 3072
786 196 870 241 LY
884 195 971 241 ΒΑ
1023 194 1302 241 GRAECA

366 325 492 371 Ibid.
551 327 592 374 1.
652 327 716 373 20
816 324 1106 394 Σοφοκλῆς
1173 323 1228 376 δὲ
1292 323 1427 392 πρὸς
1487 328 1562 393 τῷ
1626 322 1797 381 καλὸς

288 396 619 464 γεγενῆσθαι
671 396 770 463 τὴν
822 396 966 464 ὥραν
1018 419 1083 462 ην
1125 397 1216 449 καὶ
1280 395 1619 466 ὀρχηστικὴν
1665 396 1796 449 δεδι-

290 468 553 537 δαγμένος
582 469 675 522 καὶ
696 491 967 536 μουσικην
987 468 1066 521 ἔτι
1087 472 1217 526 παῖς
1246 468 1316 521 ὢν
1344 468 1496 537 παρὰ
1523 468 1794 539 Λάμπρῳ.

365 584 501 631 Suid.
557 582 860 654 Πρατίνας
953 581 1311 653 Πυρρωνίδου
1372 582 1407 649 ἢ
1468 581 1794 651 Ἐνγκωμίου,

292 656 583 717 Φλιάσιος,
627 656 857 722 ποιητὴς
899 655 1221 725 τραγῳδίας.
1301 655 1694 722 ἀντηγωνίζετο
1741 655 1796 708 δὲ

291 728 563 819 ζΧίσχύλῳ
605 752 663 781 τε
702 729 795 782 καὶ
835 727 1081 798 Χοιρίλῳ
1121 728 1214 781 ἐπὶ
1252 733 1345 795 τῆς
1381 728 1795 795 ἑβδομηκοστῆς

291 801 692 869 Ὀλυμπιάδος,
723 802 816 855 καὶ
843 804 1059 869 πρῶτος
1087 801 1303 870 ἔγραψε
1332 800 1627 870 Σατύρους.
1678 802 1794 853 ε’πι-

292 874 634 963 δεικνυμένου
681 874 738 928 δὲ
786 873 980 927 τούτου
1029 876 1241 939 συνέβη
1288 871 1358 927 τὰ
1404 896 1551 942 ικρια
1597 871 1704 943 ἐφ’
1723 873 1796 926 ὧν

292 947 600 1014 ἑστηκεσαν
665 947 714 1000 οἱ
778 947 971 1000 θεαταὶ
1036 950 1242 1000 πεσεῖν.
1338 946 1434 1000 καὶ
1484 948 1544 1000 ἐκ
1596 944 1793 999 τούτου

292 1019 519 1089 θέατρον
571 1019 893 1091 ῳκοδομηθη
956 1017 1283 1084 Ἀθηναίοις.
1386 1018 1478 1072 καὶ
1542 1017 1795 1088 δράματα

289 1092 385 1159 μὲν
422 1092 738 1160 ἐπεδείξατο
775 1115 835 1152 ν,
866 1115 936 1146 ων
972 1088 1254 1161 Σατυρικὰ
1291 1091 1403 1153 λβ.
1480 1089 1699 1158 ἐνίκησε
1739 1090 1795 1145 δὲ

289 1165 460 1233 άπαξ.

363 1280 484 1328 Ath.
516 1283 557 1329 1.
586 1283 696 1328 22a
728 1280 809 1346 [π.
840 1279 1161 1350 ὀρχησεως]·
1241 1279 1386 1349 φασὶ
1423 1277 1477 1331 δὲ
1504 1278 1599 1332 καὶ
1633 1278 1718 1332 ὅτι
1746 1278 1796 1331 οἱ

291 1353 516 1424 ἀρχαῖοι
559 1351 800 1419 ποιηταί,
845 1352 1075 1412 θεσπις,
1123 1350 1449 1421 Πρατίνας,1
1498 1351 1790 1444 Φρύνιχος,

292 1426 565 1497 ὀρχησταὶ
603 1426 904 1478 ἐκαλοῦντο
942 1424 1030 1478 διὰ
1067 1424 1127 1477 τὸ
1165 1424 1238 1492 μὴ
1277 1423 1442 1489 μόνον
1481 1423 1550 1477 τὰ
1589 1425 1796 1477 ἑαυτῶν

290 1498 543 1568 δράματα
582 1498 868 1568 ἀναφέρειν
901 1498 972 1555 εἰς
1011 1498 1247 1568 ὄρχησιν
1287 1500 1384 1550 τοῦ
1423 1500 1610 1567 χοροῦ,
1638 1496 1793 1549 ἀλλὰ

290 1572 385 1624 καὶ
437 1571 537 1640 ἔξω
592 1575 699 1624 τῶν
749 1570 899 1624 ἰδίων
953 1571 1276 1636 ποιημάτων
1341 1569 1618 1624 διδάσκειν
1671 1569 1795 1626 τοὺς

288 1643 661 1712 βουλομενόυς
702 1643 1007 1715 ὀρχεῖσθαι.

363 1764 483 1826 Arg.
535 1763 718 1809 AeSCh·
777 1763 900 1826 Sept·
981 1760 1244 1832 ἐδιδάχθη
1309 1760 1397 1814 ἐπὶ
1464 1758 1795 1828 Θεαγενίδου

289 1834 635 1900 Ὀλυμπιάδι
685 1833 782 1899 οη’.
862 1834 1012 1887 ἐνίκα
1062 1782 1234 1904 Aazx'q„
1277 1831 1554 1893 Οἰδίποδι,
1609 1831 1793 1885 Επτὰ

292 1909 383 1961 ἐπὶ
412 1907 629 1974 Θηβας,
659 1902 865 1975 ΣφίΎὙι
893 1911 1185 1976 σατυρικῇ.
1239 1905 1483 1975 δεύτερος
1508 1903 1795 1985 Ἀριστίας

293 1983 515 2049 Περσεῖ,
532 1980 820 2049 Ταντάλῳ,
841 1996 885 2031 <
889 1978 1145 2067 Ἀνταίῳ,
1156 1979 1646 2035 >2Παλαισταῖς
1625 2000 1791 2030 σατυ-

290 2057 461 2123 ρικοῖς
490 2057 600 2110 τοῖς
631 2051 912 2122 Πρατίνου
939 2051 1165 2122 πατρός.

350 2200 366 2223 1
394 2198 481 2237 iuss
520 2197 607 2237 add
649 2201 840 2249 Κρατῖνος
953 2198 968 2222 ²
999 2196 1183 2245 Garrod,
1227 2196 1281 2237 cf.
1327 2196 1447 2237 Hdn.
1487 2212 1528 2236 π.
1571 2211 1658 2245 μον.
1703 2194 1788 2246 λέξ.

288 2266 329 2305 p.
366 2255 445 2294 916
475 2253 612 2292 Lentz
