1900 3072
777 210 964 256 LYRA
1015 210 1294 258 GRAECA

686 340 798 397 124,
828 341 940 398 125,
971 342 1083 398 126,
1113 342 1225 399 127,
1256 342 1352 389 128

336 447 531 486 Aristox.
563 445 697 496 Ῥυθμ.
722 452 865 499 Στοιχ.
892 448 963 486 Ox.
997 448 1100 498 Pap.
1132 450 1167 487 9.
1190 449 1242 487 22
1272 449 1331 498 [π.
1356 447 1502 500 λέξεως
1531 447 1780 501 τριχρόνου]·

283 501 487 552 χρήσαιτο
509 505 541 541 δ’
563 503 610 542 ἂν
641 503 739 555 αὐτῇ
774 505 837 542 Aa)
869 506 888 542 ὁ
918 503 1119 543 δάκτυλος
1152 506 1172 542 ὃ
1203 506 1292 543 κατ’
1321 507 1470 554 ἴαμβον
1499 505 1675 545 ἀνάπαλι
1705 509 1786 544 τῶν

281 560 560 608 περιεχουσῶν
595 562 814 609 ξυλλαβῶν
845 561 1038 598 τεθεισῶν
1070 560 1125 599 εἷς
1157 560 1251 600 τοὺς
1283 560 1454 612 χρόνους
1496 562 1518 607 ἢ
1560 562 1609 601 ὡς
1649 562 1692 600 ἐν
1729 559 1786 611 τῷ

284 615 459 664 κρητικῷ
479 613 672 653 ἐτίθεντο.
716 613 831 653 ἔσται
848 614 889 653 δὲ
911 615 959 653 τὸ
981 617 1126 665 σχῆμα
1146 617 1219 654 τοῦ
1239 617 1360 655 ποδὸς
1383 618 1430 655 δι’
1453 614 1496 655 οῧ
1512 615 1536 664 ἡ
1552 616 1786 668 ῥυθμοποιΐα

280 667 522 719 πορεύσεται
542 671 591 708 τὸ
615 672 667 710 εἷς
687 672 836 719 ἴαμβον
857 668 954 708 οἷον·

427 764 557 817 ἔνθα
585 763 648 832 δὴ
677 763 946 818 ποικίλων
976 765 1182 818 ἀνθέων
1209 766 1483 837 ἄμβροτοι
1508 765 1766 835 λείμακες

424 846 740 911 βαθύσκιον
765 848 896 916 παρ’
925 847 1101 906 ἄλσος
1127 848 1578 920 ἁβροπαρθένους

426 927 652 986 εὐιώτας
678 928 878 999 χοροὺς
907 929 1183 996 ἀγκάλαις
1211 927 1484 1000 δέχονται.

283 1044 324 1082 ἐν
344 1041 476 1093 τούτῳ
496 1043 574 1094 ’γὰρ
596 1045 699 1083 οἵτε
719 1048 868 1095 πρῶτοι
897 1044 1020 1084 πέντε
1049 1042 1167 1084 πόδες
1200 1046 1302 1084 οὕτω
1334 1043 1558 1097 κέχρηνται
1586 1048 1640 1098 τῇ
1659 1043 1781 1097 λέξει,

284 1099 346 1137 καὶ
367 1098 491 1138 πάλιν
513 1100 672 1151 ὕστεροι
694 1102 813 1151 τρεῖς·
850 1099 927 1138 καί·

551 1195 705 1254 ὅστις
733 1194 959 1264 εὐθυμίῃ
989 1196 1082 1249 καὶ
1108 1200 1298 1267 χοροῖς
1323 1196 1583 1264 ἥδεται-

285 1311 345 1348 ἐπὶ
368 1310 472 1349 πολὺ
494 1310 537 1349 δὲ
561 1314 608 1363 τῇ
631 1308 796 1364 τοιαύτῃ
828 1310 1060 1363 ῥυθμοποιΐᾳ
1092 1312 1134 1349 οὐ
1161 1309 1264 1350 πάνυ
1295 1313 1445 1364 χρᾶται
1467 1313 1486 1350 ὃ
1508 1312 1652 1362 ῥυθμὸς
1673 1309 1788 1352 οὗτος

371 1395 380 1404 .
413 1367 516 1405 κατὰ
557 1366 598 1405 δὲ
646 1367 698 1405 τὰ
745 1369 819 1413 τῆς
869 1366 1123 1417 ῥυθμοποιΐας
1165 1367 1363 1418 σχήματα
1400 1366 1682 1419 παραλλάττει
1723 1368 1787 1416 (τὸ

284 1422 537 1472 βακχειακὸν
558 1421 807 1472 καλούμενον
830 1422 949 1472 εἶδος)
966 1423 981 1446 ¹
1003 1424 1045 1462 ἐν
1065 1423 1139 1473 τῷ·

430 1517 592 1571 <ὦ>2
642 1519 811 1589 φίλον
850 1517 1121 1588 ἸΩραιο-ιν
1173 1519 1462 1587 ἀγάπημα,
1503 1519 1788 1572 θνατοῖσιν

576 1602 880 1670 ἀνάπαυμα
907 1602 1208 1673 μόχθων-
1621 1608 1625 1611 ’

285 1715 376 1755 ἔστι
397 1715 441 1755 δέ
458 1733 535 1755 που
557 1717 620 1756 καὶ
641 1720 822 1768 ξυνεχεῖς
845 1718 906 1756 ἐπὶ
929 1720 1049 1769 τρεῖς·

431 1813 702 1881 φέρτατον
731 1813 937 1881 δαίμον’
967 1815 1134 1881 ἁγνᾶς
1162 1812 1315 1870 τέκος

429 1897 677 1967 ματέρος,
708 1898 772 1950 ἂν
802 1896 1025 1965 Κάδμος
1056 1895 1312 1966 ἐνγέννασέ
1339 1894 1461 1949 ποτ’
1489 1897 1543 1948 ἐν

433 1984 551 2037 ταῖς
577 1980 946 2044 πολυολβίοις
973 1980 1194 2047 Θήβαις

285 2087 489 2140 χρήσαιτο
511 2091 543 2127 δ’
563 2089 612 2127 ἂν
633 2089 696 2127 καὶ
729 2091 748 2127 ὃ
776 2092 923 2139 ἴαμβος
951 2091 1005 2142 τῇ
1034 2089 1137 2141 αὐτῇ
1165 2087 1293 2140 ταύτῃ
1325 2086 1445 2139 λέξει,
1471 2085 1723 2139 ἆφυέστερον
1744 2085 1787 2126 δὲ

285 2146 356 2183 τοῦ
378 2144 591 2195 βακχείου·
623 2145 672 2183 τὸ
691 2145 770 2196 γὰρ
789 2143 1038 2196 μονόχρονον
1059 2142 1299 2195 οἰκειότερον
1318 2145 1390 2182 τοῦ
1411 2144 1633 2195 τροχαϊκοῦ
1660 2143 1684 2190 ἢ
1713 2143 1787 2182 τοῦ

286 2200 447 2245 ἰάμβου·
478 2199 562 2239 οἷον
584 2201 625 2239 ἐν
645 2201 720 2249 τῷ·

357 2291 515 2353 βᾶτε,
543 2291 687 2353 βᾶτε
714 2290 890 2343 κεῖθεν
921 2288 984 2341 αἴ
1012 2288 1024 2306 ’
1052 2287 1125 2345 εἰς
1153 2286 1214 2340 τὸ
1243 2286 1488 2356 πρόσθεν
1514 2284 1782 2356 ὀρόμεναι.

360 2371 442 2429 τίς
471 2372 593 2424 ποθ’
624 2373 659 2423 ἀ
687 2375 858 2428 νεᾶνις
882 2395 897 2433 ,·
942 2372 1008 2428 ὡς
1037 2369 1313 2440 εὐπρεπής
1341 2393 1422 2424 νιν
1448 2368 1687 2440 ἀμφέπει

284 2479 389 2527 τρεῖς
406 2477 529 2515 πόδας
547 2475 777 2515 διαλείπουσ
789 2493 822 2514 ιν
838 2477 877 2514 αἱ
894 2475 1108 2527 ξυνζυγίαι,
1131 2476 1235 2514 ὥστε
1252 2473 1488 2526 περιοδῶδές
1503 2489 1543 2512 τι
1556 2472 1785 2524 γίγνεσθαι.

558 2604 573 2628 1
602 2603 745 2656 suppl.
768 2603 893 2643 Blass
1086 2604 1102 2626 2
1133 2603 1161 2643 ὦ
1182 2602 1323 2655 suppl.
1350 2601 1515 2642 Powell

286 2670 384 2727 480
