1900 3072
785 257 972 304 LYRA
1021 257 1301 304 GRAECA

814 389 842 436 6
914 389 1123 450 Σεμέλης
1145 385 1271 439 Ὠδίς

341 478 452 519 Ibid.
495 481 534 519 8.
567 480 687 519 3523,
717 480 1040 529 [Καλλισθένους
1071 480 1460 530 ἀπομνημονεύματα
1490 481 1792 532 Στρατονίκου]·

289 534 519 575 ἐπακούσας
549 533 592 574 δὲ
625 537 699 580 τῆς
736 535 890 576 Ὠδῖνος
924 539 998 583 τῆς
1031 536 1221 585 Τιμοθέου
1251 537 1322 575 ‘Ei
1354 536 1396 576 δὲ
1429 535 1683 589 ἐργολάβον’
1711 536 1790 589 ἔφη

286 594 295 610 ‘
312 589 471 629 ἔτικτεν
493 590 556 630 καὶ
576 592 630 640 μὴ
653 589 754 639 θεόν,
776 592 889 632 ποίας
910 592 957 631 ἂν
978 591 1088 642 ἠφίει
1109 591 1266 643 φώνας,·
1280 593 1288 606 ’

338 717 432 757 Alc.
459 717 590 758 Mess.
617 719 747 758 Anile.
778 720 898 759 Plan.
926 722 948 761 7
1008 720 1228 771 Σύμφωνον
1247 722 1471 770 μαλακοῖσι
1492 718 1791 772 κερασσάμενος

285 772 400 824 θρόον
430 775 567 813 αὐλοῖς
594 773 598 824 Ι
626 773 829 826 Δωρόθεος
858 775 1024 827 γοεροὺς
1054 776 1169 815 ἔπνεε
1199 774 1459 827 Δαρδανίδας,
1485 774 1490 827 Ι
1518 777 1581 816 καὶ
1610 774 1790 825 Σεμέλας

286 829 403 868 ὠδῖνα
452 828 668 880 κεραύνιον,
710 830 824 871 ἔπνεε
864 833 899 870 δ’
947 831 1071 870 ἵππου
1098 829 1103 884 Ι
1131 830 1336 882 ἔργματ’,Ῑ
1378 830 1549 880 ἆειζώων
1588 830 1789 882 ἁψάμενος

285 884 480 936 Χαρίτων·
509 887 514 935 Ι
539 887 683 934 μοῦνος
722 888 756 924 δ’
796 888 852 926 εἶν
901 886 1042 937 ἱεροῖσι
1090 885 1310 926 Διωνύσοιο
1357 887 1584 938 προφήταις
1609 884 1615 938 Ι
1643 887 1791 937 Μώμου

285 942 484 991 λαιψηρὰς
520 940 690 991 ἐξέφυγε
720 940 937 993 πτέρυγας,
963 940 968 992 Ι
998 945 1175 988 Θηβαῖος
1206 941 1367 993 γενεήν,
1401 941 1643 984 Σωσικλέος·
1675 944 1718 982 ἐν
1747 941 1790 982 δὲ

283 996 426 1036 Λυαίου
453 995 458 1047 Ι
485 999 564 1045 νηῷ
585 998 778 1048 φορβειὰν
799 997 950 1043 θήκατο
972 998 1035 1036 καὶ
1059 997 1278 1046 καλάμους.

339 1123 422 1163 Dio
444 1123 596 1177 Chrys.
625 1126 674 1167 78
695 1139 737 1177 p.
759 1126 836 1165 281
860 1125 992 1166 Dind.
1016 1127 1074 1176 [π.
1098 1126 1280 1178 φθόνου]·
1314 1125 1405 1165 οὐδέ
1425 1142 1475 1178 γε
1502 1127 1576 1166 τὸν
1604 1124 1791 1172 λαβόντα

283 1180 388 1230 παρὰ
412 1178 583 1230 Κροίσου
603 1182 680 1226 τὴν
700 1181 849 1232 δωρεὰν
869 1182 1021 1221 ἐκεῖνον
1042 1182 1278 1232 Ἀλκμέωνα
1300 1180 1506 1231 ἐζήλωσεν
1534 1183 1630 1222 οὔτε
1650 1179 1791 1223 Σόλων

283 1237 376 1275 οὔτε
409 1238 537 1276 ἄλλος
571 1237 698 1276 οὐδεὶς
729 1240 811 1275 τῶν
842 1235 938 1276 τότε
972 1242 1110 1289 σοφῶν
1142 1239 1305 1289 ἀνδρῶν,
1341 1238 1370 1289 ᾧ
1409 1238 1510 1289 φασὶ
1549 1238 1623 1277 τὸν
1659 1238 1790 1277 Λυδὸν

285 1291 493 1342 ἐπιτρέψαι
512 1291 606 1332 τοὺς
636 1292 860 1344 θησαυροὺς
890 1292 1100 1343 ἀνοίξαντα
1130 1292 1265 1345 φέρειν
1286 1293 1408 1333 αὐτὸν
1423 1294 1575 1332 ὁπόσον
1593 1293 1793 1337 βούλεται

283 1348 356 1386 τοῦ
379 1349 549 1397 χρυσοῦ·
609 1348 673 1387 καὶ
704 1348 777 1387 τὸν
798 1347 1037 1388 εἰσελθόντα
1058 1348 1161 1389 πάνυ
1183 1347 1366 1400 ἀνδρείως
1387 1347 1693 1400 ἐμφορήσασθαι
1712 1351 1788 1393 τῆς

283 1404 504 1449 βασιλικῆς
543 1405 704 1455 δωρεᾶς,
744 1403 901 1455 χιτῶνά
938 1420 984 1443 τε
1031 1404 1186 1457 ποδήρη
1235 1404 1571 1456 καταζωσάμενον
1609 1404 1674 1443 καὶ
1716 1404 1790 1444 τὸν

285 1457 440 1497 κόλπον
488 1458 757 1506 ἐμπλήσαντα
794 1463 1021 1510 γυναικεῖον
1061 1462 1124 1500 καὶ
1173 1461 1302 1507 βαθὺν
1341 1460 1404 1500 καὶ
1452 1459 1505 1499 τὰ
1554 1458 1790 1508 ὑποδήματα

285 1515 515 1564 ἐξεπίτηδες
547 1513 710 1565 μεγάλα
740 1514 803 1553 καὶ
831 1519 950 1554 κοῖλα
983 1514 1299 1566 ὑποδησάμενον,
1334 1515 1455 1556 τέλος
1484 1513 1527 1554 δὲ
1557 1515 1634 1562 τὴν
1663 1513 1790 1565 κόμην

284 1568 537 1609 διαπάσαντα
558 1570 622 1609 καὶ
652 1569 704 1608 τὰ
733 1570 869 1621 γένεια
889 1574 945 1620 τῷ
970 1570 1153 1622 ψήγματι
1181 1572 1244 1612 καὶ
1276 1571 1325 1610 τὸ
1357 1570 1489 1622 στόμα
1519 1570 1788 1620 ἐμπλήσαντα

285 1626 349 1664 καὶ
369 1625 443 1665 τὰς
463 1624 634 1676 γνάθους
657 1625 849 1677 ἑκατέρας
870 1625 986 1675 μόλις
1009 1627 1081 1676 ἔξω
1113 1626 1305 1677 βαδίζειν,
1328 1628 1462 1679 ὥσπερ
1482 1627 1684 1666 αὐλοῦντα
1712 1627 1790 1674 τὴν

283 1683 357 1726 τῆς
397 1681 578 1731 Σεμέλης
618 1683 768 1729 Ὠδῖνα,
807 1680 972 1733 γέλωτα
1012 1684 1075 1722 καὶ
1117 1683 1210 1723 θέαν
1252 1682 1409 1734 Κροίσῳ
1446 1681 1682 1734 παρέχοντα
1721 1682 1786 1722 καὶ

282 1739 434 1776 Λυδοῖς.
495 1738 558 1776 καὶ
585 1735 634 1783 ἦν
663 1736 759 1776 τότε
782 1739 992 1788 Ἀλκμέων
1022 1740 1205 1787 οὐδεμιᾶς
1236 1739 1341 1789 ἄξιος
1371 1739 1571 1789 δραχμῆς,
1594 1739 1644 1778 ὣς
1674 1736 1789 1789 εἶχεν

283 1791 510 1842 ἱστάμενος.

859 1992 952 2038 7-9
1026 1991 1223 2041 Σκύλλα

337 2076 475 2117 Arist.
497 2077 575 2116 IUz.
599 2078 634 2117 3.
665 2078 726 2116 14.
757 2079 901 2117 l4l5a
959 2079 1010 2117 τὸ.
1039 2079 1114 2127 μὲν
1144 2077 1214 2117 οῦν
1241 2081 1323 2118 τῶν
1354 2080 1626 2118 ἐπιδεικτικῶν
1651 2077 1788 2131 λόγων

282 2131 468 2182 προοίμια
511 2135 554 2170 ἐκ
593 2132 763 2179 τούτων,
807 2135 847 2184 ἐξ
887 2134 1062 2180 ἐπαίνου,
1105 2135 1150 2172 ἐκ
1190 2132 1334 2185 ψόγου,
1376 2135 1421 2173 ἐκ
1459 2137 1703 2185 προτροπῆς,
1745 2137 1787 2187 ἐξ

281 2187 528 2237 ἀποτροπῆς,
552 2189 597 2226 ἐκ
617 2190 698 2227 τῶν
718 2189 815 2239 πρὸς
844 2190 918 2228 τὸν
947 2188 1161 2241 ἀκροατήν·
1195 2192 1255 2228 δεῖ
1274 2189 1315 2228 δὲ
1339 2189 1362 2236 ἢ
1383 2187 1474 2238 ξένα
1494 2190 1518 2236 ἢ
1540 2191 1666 2229 οἰκεῖα
1686 2192 1786 2231 εἶναι

282 2241 334 2280 τὰ
356 2241 546 2293 ἐνδόσιμα
574 2247 630 2292 τῷ
662 2243 788 2293 λόγῳ.
846 2244 898 2284 τὰ
928 2244 970 2283 δὲ
1002 2248 1075 2284 τοῦ
1106 2247 1309 2284 δικανικοῦ
1340 2244 1524 2295 προοίμια
1553 2247 1615 2284 δεῖ
1641 2250 1787 2291 λαβεῖν

284 2298 347 2336 ὅτι
367 2299 493 2337 ταύτὸ
515 2297 679 2338 δύναται
700 2299 796 2350 ὅπερ
815 2303 895 2339 τῶν
916 2300 1128 2351 δραμάτων
1149 2301 1185 2339 οἴ
1203 2300 1401 2351 πρόλογοι
1423 2300 1487 2340 καὶ
1507 2304 1590 2340 τῶν
1609 2301 1716 2341 ἐπῶν
1733 2302 1786 2342 τὰ

281 2353 479 2404 προοίμια·
511 2354 563 2393 τὰ
583 2352 657 2403 μὲν
676 2355 755 2405 γὰρ
775 2358 857 2395 τῶν
879 2355 1132 2407 διθυράμβων
1154 2357 1270 2405 ὅμοια
1289 2359 1374 2396 τοῖς
1396 2357 1685 2397 ἐπιδεικτικοῖς·

875 2474 890 2498 ¹
920 2488 1007 2513 mss
1028 2474 1196 2526 ἔργματ’

334 2585 350 2610 ¹
380 2586 434 2625 cf.
454 2586 576 2626 Boet.
604 2588 714 2627 Mus.
742 2589 774 2627 1.
807 2590 824 2626 1
1067 2588 1084 2613 ²
1113 2590 1175 2630 lit.
1202 2602 1228 2628 a
1247 2592 1502 2628 contractor
1666 2587 1684 2612 ³
1715 2589 1777 2629 lit.

281 2641 403 2680 what,
432 2644 525 2681 sort
555 2641 599 2681 of
628 2643 749 2682 noise
781 2642 909 2683 could
941 2643 1017 2683 she
1048 2643 1161 2684 have
1190 2642 1347 2683 made?
1491 2642 1507 2666 ⁴
1536 2644 1605 2683 i.e.
1630 2655 1656 2682 a
1675 2643 1784 2684 Sack

286 2723 382 2768 300
