1900 3072
743 262 927 309 LYRA
979 259 1260 307 GRAECA

320 396 542 460 Hesych
606 396 710 442 Mil.
754 397 814 444 17
888 387 1172 459 Διαγόραν
1227 387 1319 442 τὸν
1373 386 1747 454 Τηλεκλείδου

243 466 419 533 εὐφυᾶ
446 464 785 528 θεασάμενος
810 461 1153 533 Δημόκριτος
1181 460 1206 514 ὁ
1249 460 1642 531 Ἀβδηρίτης’
1614 482 1745 526 ωνη-

247 560 386 590 σατο
426 535 593 589 αὐτὸν
648 535 843 588 δοῦλον
898 535 1031 588 ὅντα
1083 532 1289 604 μυρίων
1340 533 1605 604 δραχμῶν
1655 532 1748 586 καὶ

243 609 497 677 μαθητὴν
554 606 877 672 ἐποίησατο.
971 607 996 660 ὁ
1046 606 1101 660 δὲ
1145 610 1212 676 τῇ
1256 610 1458 695 λυρικῇ
1504 605 1747 659 ἐπεθετο.

248 681 530 747 ἐπεκλήθη
578 680 633 734 δὲ
678 680 850 740 ἄθεος,
894 678 978 732 ὅτι
1024 677 1320 767 ὁμότεχνός
1362 701 1443 736 τις
1483 678 1750 735 αἰτιαθεὶς

246 756 335 808 ὑπ’
389 755 557 807 αὐτοῦ
610 755 679 811 ὡς
733 752 795 819 δὴ
850 756 1061 806 παιᾶνα
1105 750 1436 821 ὑφελόμενος
1483 751 1542 804 ὃν
1584 749 1749 807 αὐτὸς

244 826 517 892 ἕποι”,ησεν
561 824 879 894 ἐξωμόσατο
931 825 1006 893 μὴ
1058 826 1390 915 κεκλοφέναι
1435 821 1620 884 αὐτόν,
1663 845 1746 891 μι-

245 900 375 969 κρὸν
416 900 469 952 δὲ
511 900 737 968 ὕστερον
763 897 1166 966 ἐτ-ιδειξάμενος
1193 896 1359 950 αὐτὸν
1397 896 1746 967 εὐημέρησεν.

247 971 544 1027 ἐντεῦθεν
520 995 545 1024 ο
575 970 849 1040 Διαγόρας
875 970 1144 1036 λυπηθεὶς
1179 971 1395 1060 ἔγραψε
1422 969 1547 1026 τοὺς
1579 969 1750 1022 Ἀπο-

246 1044 606 1113 πυργίζοντας
646 1042 873 1111 Λόγους,
904 1065 1186 1096 εκπτωσιν
1226 1043 1456 1114 ἔχοντας
1495 1064 1590 1109 της
1623 1041 1748 1110 περὶ

247 1119 307 1171 τὸ
337 1119 478 1170 θεῖον
507 1116 680 1185 δόξης.

319 1230 454 1277 Suid.
502 1222 795 1311 Διαγόρας·
875 1222 1246 1289 Τηλεκλείδου
1293 1222 1326 1289 ὴ
1375 1220 1750 1312 Τηλεκλύτου,

247 1299 485 1364 Μηλιος,
503 1296 817 1366 φιλόσοφος
843 1299 932 1348 καὶ
955 1294 1219 1368 ᾳσμάτων
1249 1295 1606 1361 ποιητής..
1637 1297 1750 1352 τοῖς

247 1370 462 1442 χρόνοις
498 1370 568 1423 ὢν
603 1368 742 1436 μετὰ
777 1352 1051 1438 Πιίδαρον
1089 1369 1180 1421 καὶ
1218 1366 1594 1438 Βακχυλίδην,
1631 1365 1747 1419 M&-

244 1442 586 1496 λανιππιδου
633 1441 689 1495 δὲ
735 1442 1132 1511 πρεσβύτερος·
1194 1440 1400 1507 ἤκμαζε
1439 1439 1618 1493 τοίνυν
1669 1437 1746 1505 οη’

244 1515 635 1581 Ὀλυμπιάδι.

321 1627 467 1674 Diod.
497 1628 590 1674 Sic.
622 1630 698 1676 13.
728 1629 755 1674 6
814 1622 1020 1674 τούτων
1051 1621 1106 1674 δὲ
1135 1619 1527 1690 πραττομένων
1549 1618 1749 1685 Διαγό-

246 1719 342 1766 ρας
372 1695 396 1750 ὁ
426 1697 646 1763 κληθεὶς
676 1696 850 1756 ἄθεος,
879 1693 1149 1759 διαβολῆς
1177 1692 1361 1765 τυχὼν
1399 1692 1485 1746 ἐπ’
1514 1690 1749 1764 ἀσεβεία

247 1769 340 1822 καὶ
370 1770 637 1836 φοβηθεὶς
665 1769 758 1822 τὸν
799 1768 982 1833 δημον,
1011 1766 1208 1836 ἔφυγεν
1249 1767 1308 1817 ἐκ
1348 1771 1443 1835 τῆς
1470 1765 1746 1833 Ἀττικῆς·

249 1842 299 1894 οἱ
338 1842 428 1894 δ”
438 1843 707 1906 Αθηναῖοι
751 1844 825 1894 τῶ
868 1838 1117 1892 ἀνελόντι
1158 1836 1441 1909 Διαγόραν
1484 1835 1746 1907 ἀργυρίου

248 1915 521 1969 τάλαντον
549 1915 904 1982 ἐπεκήρυξαν.

321 2023 482 2090 [Lys]
521 2024 714 2072 Andoc.
763 2026 822 2072 17
883 2017 1128 2088 τοσούτῳ
1173 2017 1226 2071 δὲ
1271 2017 1426 2076 οὗτος
1473 2013 1750 2084 Διαγόρου

248 2097 346 2146 τοῦ
386 2090 612 2157 Μηλίου
657 2090 1027 2159 ἀσεβέστερος
1067 2089 1370 2159 γεγένηται·
1413 2089 1611 2146 ἐκεῖνος
1654 2088 1752 2156 μὲν

248 2164 355 2234 γὰρ
403 2163 555 2234 λόγῳ
605 2164 728 2233 περὶ
780 2187 848 2217 τα
914 2162 1188 2232 ἀλλότρια
1241 2162 1358 2233 ἱερὰ
1413 2161 1506 2215 καὶ
1561 2158 1752 2248 ἑορτὰς

249 2237 462 2305 ἠσεβει,
493 2237 647 2294 οὗτος
675 2236 783 2289 δὲ’
758 2259 897 2307 εργῳ
934 2236 1062 2305 περὶ
1099 2234 1168 2287 τὰ
1195 2237 1248 2289 ἐν
1278 2239 1343 2305 τῇ
1371 2236 1540 2287 αὑτοῦ
1567 2234 1753 2288 πόλει.

305 2381 323 2405 ¹
351 2386 441 2420 two
475 2380 602 2420 dates
632 2394 705 2420 axe
727 2394 796 2425 (Ἢ
802 2393 857 2418 en
888 2380 946 2431 by
981 2379 1223 2419 Eusebius:
1262 2378 1326 2419 Ol.
1364 2379 1427 2421 78.
1454 2379 1479 2418 3
1499 2377 1641 2417 =466
1661 2387 1746 2416 B.c.

251 2435 325 2486 (ef.
351 2435 508 2475 Bacch.
535 2448 575 2486 p.
604 2435 781 2484 817and
805 2434 867 2473 (Η.
897 2436 958 2476 ''5.
986 2435 1010 2474 3
1039 2435 1287 2474 =482BUC

307 2571 322 2596 ¹
351 2573 465 2613 ‹2375
578 2570 594 2595 ⁸
623 2571 676 2613 cf.
704 2570 822 2611 Suid.
848 2584 878 2610 3.
907 2578 1025 2622 Διαγ.
1051 2574 1070 2610 ὁ
1094 2570 1250 2618 Μήλιος
1362 2569 1378 2594 ³
1407 2568 1484 2610 the
1507 2567 1612 2608 date
1638 2565 1752 2607 indi-

250 2625 378 2666 cated
399 2626 436 2665 is
455 2627 535 2666 415
554 2637 637 2666 B.C.
754 2624 772 2650 ⁸
799 2626 914 2666 2200

252 2704 314 2749 60
