1900 3072
333 352 421 404 Ar.

289 459 438 514 ΚΙ.

269 682 388 733 ΠΕ.

293 754 390 804 ΚΙ.

269 828 390 878 ΠΕ.

286 910 395 951 1379

295 973 395 1023 ΚΙ.

267 1047 388 1096 ΠΕ.

293 1119 390 1169 ΚΙ.

285 1274 391 1313 1385

273 1337 392 1386 ΠΕ.

297 1410 394 1459 ΚΙ.

288 1637 396 1677 1390

269 1700 392 1751 HE.

276 2065 390 2114 HE.

300 2137 399 2188 ΚΙ.

291 2220 400 2260 1396

276 2283 396 2332 ΠΕ

300 2354 398 2405 ΚΙ.

292 2507 399 2548 1400

281 2693 372 2738 ²52

763 219 948 267 LYRA
995 219 1274 267 GRAECA

459 352 547 401 Av.
589 351 716 400 1372
788 350 1110 402 ΚΙΝΗΣΙΑΣ
1159 350 1235 398 καὶ
1281 350 1750 402 ΠΕΙΘΕΤΑΙΡΟΣτ

459 460 804 527 ἀναπέτομαι
832 457 895 525 δὴ
925 457 1058 529 πρὸς
1077 457 1378 525 ”Ολυμπον
1404 456 1747 529 πτερύγεσσι

570 531 848 620 κούφαις·’

431 604 666 673 πέτομαι
695 602 737 656 δ’
767 602 888 657 ὁδὸν
915 601 1110 657 ἄλλοτ’
1139 601 1222 656 ἐπ’
1251 603 1435 657 ἄλλαν
1460 602 1744 670 μελέων-

431 679 583 731 τουτὶ
613 676 673 730 τὸ
702 681 932 747 πρᾶγμα
962 674 1188 767 φορτίου
1218 675 1390 730 δεῖται
1419 679 1653 746 πτερῶν.

433 749 634 822 ἀφόβῳ
661 749 855 821 φρενὸς
882 751 1087 817 ὄμματι
1115 747 1311 817 ργένναν
1338 748 1629 837 ἐφέπων-

433 822 842 891 ἀσπαζόμεσθα
869 821 1159 893 φιλύρινον
1188 821 1479 887 Κινησίαν.

434 919 487 950 τι
480 895 661 967 ’δεῦρο
680 894 824 949 πόδα
844 896 913 948 σὺ
931 894 1141 947 κυλλὸν
1161 893 1263 947 ἀνὰ
1281 893 1490 949 κύκλον
1508 898 1727 952 κυκλεῖς
1749 917 1766 956 ,·

438 971 581 1040 ὅρνις
596 968 852 1037 Γγενέσθαι
873 967 1152 1035 βούλομαι
1173 968 1549 1037 λιγύφθογγος
1570 967 1767 1033 ἀηδών.

431 1047 648 1095 παῦσαι
673 1043 948 1111 μελῳδῶν,
978 1040 1110 1092 ἀλλ’
1137 1040 1222 1093 ὅτι
1248 1040 1426 1108 λε’Ύεις
1453 1039 1573 1093 εἰπέ
1598 1063 1708 1106 μοι.

435 1115 541 1168 ὑπὸ
568 1118 672 1168 σοῦ
699 1113 993 1184 πτερωθεὶς
1019 1113 1300 1180 ,Βούλομαι
1325 1113 1622 1181 μετάρσιος

432 1186 806 1255 ἀναπτόμενος
834 1187 891 1238 ἐκ
919 1190 1026 1239 τῶν
1054 1190 1298 1252 νεφελῶν
1323 1185 1515 1243 καινὰς
1542 1187 1743 1250 λαβεῖν
1814 1196 1817 1197 ’

432 1259 818 1328 ἀεροδονήτους
846 1259 941 1312 καὶ
969 1258 1305 1329 νιφοβόλους
1332 1260 1634 1322 ἀναβολάς.

435 1335 493 1386 ἐκ
522 1336 629 1386 τῶν
657 1335 900 1403 νεφελῶν
922 1331 1028 1401 «γὰρ
1058 1331 1123 1385 ἄν
1143 1355 1223 1390 τις
1245 1331 1544 1424 ἀναῆβολὰς
1551 1332 1726 1395 λάβοι
1747 1355 1765 1395 ;

436 1405 706 1475 κρέμαται
731 1405 829 1473 μὲν
856 1406 948 1458 ουν
975 1406 1277 1458 ἐντεῦθεν’
1249 1408 1401 1471 ημῶν
1426 1407 1457 1471 ἡ
1486 1403 1670 1475 τέχνη.

433 1483 539 1532 τῶν
569 1478 925 1548 διθυράμβων
953 1477 1058 1548 ’γὰρ
1087 1477 1155 1530 τὰ
1181 1476 1417 1547 λαμπρὰ
1446 1477 1692 1545 «γίγνεται

434 1551 589 1622 ἀέρια
618 1551 712 1604 καὶ
741 1550 920 1604 σκότι’
948 1549 1090 1603 ἄττα
1119 1550 1214 1603 καὶ
1240 1549 1557 1619 κυαναυνγέα

435 1625 527 1678 καὶ
556 1622 949 1693 πτεροδόνητα·
999 1623 1070 1675 σὺ
1100 1622 1155 1676 δὲ
1191 1622 1393 1676 κλύων
1401 1625 1536 1676 είσει
1564 1622 1734 1694 τάχα.

434 1699 494 1751 οὐ
524 1696 637 1764 δῆτ’
665 1697 850 1765 ἔγωγε.
934 1699 1028 1749 ΚΙ.
1079 1695 1141 1763 νὴ
1170 1695 1262 1749 τὸν
1278 1694 1563 1765 Ηρακλέα
1591 1696 1663 1749 σύ
1687 1718 1768 1764 Ύε.

435 1771 659 1823 ἅπαντα
686 1768 793 1840 «γὰρ
821 1768 983 1837 δίειμί
1010 1791 1101 1821 σοι
1129 1767 1222 1821 τὸν
1251 1768 1402 1837 ἀέρα,

434 1843 638 1897 εἴδωλα
668 1845 918 1908 πετηνῶν

431 1913 834 1986 αἰθεροδρόμων

437 1989 638 2041 οἰωνῶν
666 1985 1045 2057 ταναοδείρων.

434 2060 569 2115 ὠόπ.

442 2133 536 2187 τὸν
563 2133 737 2186 ἅλαδε
765 2131 963 2202 δρόμον
991 2132 1263 2200 ἁλάμενος

439 2207 528 2274 ἅμ’
557 2205 766 2273 ἀνέμων
794 2208 1024 2258 πνοαῖσι
1052 2202 1240 2269 βαίην.

440 2278 502 2346 νὴ
531 2277 625 2332 τὸν
652 2277 733 2331 Δί’
763 2278 794 2343 ἢ
823 2276 919 2345 '⁴703
947 2299 1052 2330 σου
1080 2275 1429 2330 καταπαύσω
1459 2274 1556 2334 τὰς
1585 2277 1774 2334 πνοάς.

440 2350 564 2404 τότε
590 2350 687 2417 μὲν
715 2347 900 2403 νοτίαν
929 2348 1168 2420 στείχων
1194 2347 1331 2419 πρὸς
1359 2347 1497 2410 ὁδόν,

440 2423 562 2477 τότε
591 2422 634 2474 δ’
663 2423 735 2476 αὖ
760 2421 931 2496 βορέα
959 2425 1122 2490 σῶμα
1149 2424 1406 2487 πελάζων

438 2495 698 2561 ἀλίμενον
728 2478 941 2564 αἰθέρος
968 2494 1190 2548 αὔλακα
1218 2493 1439 2562 τέμνων.

438 2566 702 2640 χαρίεντά
726 2567 795 2634 «γ’,
820 2565 859 2619 ὦ
887 2564 1178 2636 πρεσβῦτ’,
1206 2565 1455 2637 ἐσοφίσω
1484 2564 1577 2619 καὶ
1604 2566 1774 2636 σοφά.
