1900 3072
772 191 960 238 LYRA
1008 190 1288 237 GRAECA

279 324 406 364 οὐθεὶς
429 322 524 362 ἀλλ’
547 322 571 369 ἢ
590 321 803 373 Ὀρέστης·
838 319 953 361 οὗτος
977 320 1050 373 ἄρα
1079 318 1295 365 ἐλήλυθεν.
1350 319 1414 357 καὶ
1436 318 1467 364 ἦ
1485 317 1685 357 Πολυΐδου
1704 318 1780 356 τοῦ

279 380 482 429 σοφιστοῦ
522 377 611 425 περὶ
639 378 713 422 τῆς
754 376 1010 426 Ἰφιγενείας·
1060 375 1166 415 εἰκὸς
1204 374 1283 424 ’γὰρ
1328 373 1401 412 τὸν
1439 372 1638 424 Ὀρέστην
1679 380 1777 417 συλ-

279 433 527 484 λογίσασθαι
559 431 621 470 ὅτι
652 431 676 477 ’ἥ
706 430 746 470 τ’
779 432 939 481 ἀδελφὴ
969 428 1090 479 ἐτύθη
1121 430 1185 469 καὶ
1217 429 1323 478 αὐτῷ
1356 426 1567 476 συμβαίνει
1599 425 1774 466 θύεσθαι.

337 558 447 599 Ibid.
493 558 540 600 17
598 557 694 598 τούς
732 573 778 596 τε
819 555 970 608 λόγους
1013 557 1107 597 τοὺς
1146 551 1435 605 πεποιημένους
1473 556 1535 594 δεῖ
1561 552 1626 594 καὶ
1658 553 1783 594 αὐτὸν

279 616 472 654 ποιοῦντα
511 611 739 652 ἐκτίθεσθαι
777 611 967 657 καθόλου,
1002 610 1074 650 εἶθ’
1112 611 1237 650 οὕτως
1277 611 1529 649 ἐπεισοδιοῦν
1562 609 1626 648 καὶ
1658 625 1781 660 παρα-

280 668 438 709 τείνειν.
501 668 614 717 λέγω
654 665 696 705 δὲ
736 668 862 708 οὕτως
901 667 949 706 ἃν
991 668 1223 716 θεωρεῖσθαι
1261 666 1310 704 τὸ
1350 663 1539 710 καθόλου,
1583 663 1668 703 οἷον
1707 667 1781 711 τῆς

280 722 532 774 Ἰφιγενείας.
593 722 781 769 τυθείσης
801 724 911 762 τινὸς
943 719 1061 772 κόρης
1092 721 1157 759 καὶ
1188 720 1480 771 ἀφανισθείσης
1507 717 1667 764 ἀδήλως
1696 722 1784 758 τοῖς

283 778 468 824 θύσασιν,
493 777 740 827 ἷδρυνθείσης
762 776 803 816 δὲ
827 778 881 817 εἰς
904 779 1041 822 ἄλλην
1058 776 1194 825 χώραν
1217 778 1258 814 ἐν
1280 772 1305 828 ᾗ
1327 773 1442 825 νόμος
1464 772 1514 819 ἧν
1533 773 1631 814 τοὺς
1650 773 1784 825 ξένους

285 832 387 872 θύειν
408 835 466 882 τῷ
487 835 572 882 θεῷ,
598 831 753 879 ταύτην
775 832 880 880 ἔσχε
911 832 987 878 τὴν
1019 830 1251 880 ἱερωσύνην.
1315 830 1450 883 χρόνῳ
1473 829 1503 867 δ’
1528 829 1698 879 ὕστερον
1726 832 1784 877 τῷ

285 890 449 939 ἀδελφῷ
474 887 628 932 συνέβη
652 888 785 926 ἐλθεῖν
805 889 880 933 τῆς
910 886 1064 936 ἱερείας.
1129 887 1177 925 τὸ
1209 884 1250 923 δὲ
1283 884 1344 923 ὅτι
1374 885 1536 924 ἀνεῖλεν
1557 886 1577 922 ὁ
1608 884 1697 923 θεὸς
1724 881 1786 922 διά

283 944 357 982 τιν’
382 941 544 982 αἰτίαν1
571 942 706 980 ἐλθεῖν
727 943 825 988 ἐκεῖ,
849 942 912 980 καὶ
938 941 1004 991 ἐφ’
1029 941 1089 980 ὅτι
1112 941 1167 988 δέ,
1196 940 1268 990 ἔξω
1288 941 1361 978 τοῦ
1388 939 1526 989 μύθου.
1586 939 1717 977 ἐλθὼν
1743 937 1786 977 δὲ

285 999 349 1038 καὶ
381 998 552 1048 ληφθεὶς
582 993 743 1036 θύεσθαι
769 994 935 1045 μέλλων
967 995 1250 1046 ἀνεγνώρισεν,
1273 998 1332 1034 εἴθ
1379 996 1429 1034 ὣς
1461 991 1674 1042 Εὐριπίδης
1709 993 1784 1032 εἴθ’

285 1055 333 1093 ὡς
357 1051 555 1092 Πολύϊδος
577 1050 780 1100 ἐποίησεν,
808 1053 911 1091 κατὰ
932 1051 981 1089 τὸ
1014 1051 1122 1092 εἰκὸς
1155 1049 1275 1089 εἰπὼν
1295 1051 1355 1089 ὅτι
1377 1051 1447 1088 οὐκ
1469 1049 1544 1099 ἄρα
1568 1046 1692 1097 μόνον
1711 1049 1788 1096 τὴν

285 1109 470 1158 ἀδελφὴν
490 1107 600 1146 ἀλλὰ
621 1107 683 1145 καὶ
707 1107 828 1146 αὐτὸν
851 1106 928 1146 ἔδει
949 1108 1128 1153 τυθῆναι·
1160 1106 1223 1144 καὶ
1247 1106 1431 1144 ἐντεῦθεν
1450 1104 1474 1152 ἦ
1498 1100 1691 1153 σωτηρία.

288 1465 417 1534 περὶ
455 1463 869 1518 ΤΕΛΛΗΝΟΣ
913 1462 945 1529 ἢ
987 1459 1372 1516 ΤΕΛΛΙΔΟΣ

343 1578 461 1619 Plut.
498 1579 591 1628 Rcy.
628 1578 795 1629 Apoph.
835 1578 910 1617 193
941 1579 998 1626 [π.
1032 1576 1354 1625 Ἐπαμεινώνδα]·
1387 1574 1718 1626 ἀπαγγείλαντος
1748 1573 1792 1614 δέ

288 1649 397 1674 τινος
438 1635 488 1673 ὡς
520 1636 720 1679 Ἀθηναῖοι
756 1632 991 1684 στράτευμα
1027 1635 1175 1672 καινοῖς
1211 1628 1515 1681 κεκοσμημένον
1555 1629 1699 1669 ὅπλοις
1737 1631 1794 1670 εἷς

290 1688 605 1736 Πελοπόννησον
630 1686 930 1733 ἀπεστάλκασι,
960 1691 969 1706 ‘
985 1686 1032 1726 Τί
1054 1686 1145 1725 οὖν’
1174 1686 1284 1726 εἶπεν
1308 1688 1318 1706 ‘
1335 1687 1629 1736 Ἀντιγενείδας
1657 1683 1792 1724 στένει

291 1745 449 1784 καινοὺς
470 1743 678 1789 Τέλληνος
709 1741 858 1782 αὐλοὺς
891 1742 1109 1791 ἔχοντος,·’
1141 1741 1190 1787 ἦν
1212 1741 1253 1781 δὲ
1285 1742 1466 1789 αὐλητὴς
1487 1744 1506 1780 ὁ
1537 1738 1611 1790 μὲν
1630 1738 1792 1787 Τέλλης

291 1798 495 1847 κάκιστος,
523 1802 541 1838 ὁ
565 1798 606 1837 δὲ
622 1797 915 1847 Ἀντιγενείδας
939 1798 1180 1837 κάλλιστος.

346 1905 448 1945 Zen.
484 1906 671 1944 Paroem.
710 1905 746 1942 1.
767 1905 820 1943 45
860 1903 966 1942 ἄειδε
998 1904 1049 1943 τὰ
1081 1901 1302 1949 Τέλληνος·
1336 1902 1399 1941 ἐπὶ
1434 1905 1515 1942 τῶν
1553 1903 1795 1941 σκωπτικῶν

293 1960 447 2001 τίθεται
483 1960 506 2007 ἦ
540 1959 740 2011 παροιμία.
816 1956 979 2005 Τέλλην
1010 1959 1088 2009 ’γὰρ
1127 1957 1309 2006 αὐλητὴς
1350 1957 1517 2008 ἐγένετο
1559 1957 1620 1996 καὶ
1659 1959 1795 2005 μελῶν

292 2015 477 2063 ποιητής,
515 2012 680 2065 παίγνιοὶ
715 2029 761 2052 τε
799 2012 1021 2053 κατέλιπεν
1056 2012 1354 2064 εὗρρυθμότατα
1385 2013 1450 2052 καὶ
1487 2009 1610 2064 χάριν
1643 2010 1796 2062 ἔχοντα

292 2070 495 2117 πλείστην
525 2071 587 2109 καὶ
620 2069 842 2119 σκώμματα
871 2067 1121 2119 κομψότατα.

348 2175 464 2215 Ibid.
485 2176 523 2215 2.
553 2177 602 2215 15
632 2173 748 2215 οἶτος
780 2177 798 2214 ὁ
830 2176 996 2223 Τέλλην
1017 2173 1183 2226 ἐγένετο
1213 2173 1394 2220 αὐλητὴς
1415 2174 1479 2213 καὶ
1497 2175 1634 2224 μελῶν
1653 2172 1798 2212 ἀνυπο-

294 2229 455 2271 τάκτων
475 2229 659 2277 ποιητής.
722 2228 922 2280 μέμνηται
944 2231 1069 2272 αὐτοῦ
1091 2229 1338 2281 Δικαίαρχος
1361 2231 1380 2268 ὀ
1404 2227 1652 2274 Μεσσήνιος.

351 2336 467 2376 Ptol.
508 2336 654 2387 Heph.
693 2349 762 2388 ap.
805 2336 933 2376 Phot.
975 2337 1085 2376 Bibl.
1133 2336 1224 2375 190.
1263 2336 1352 2375 151.
1389 2335 1413 2375 9
1470 2333 1800 2382 τελευτήσαντος

299 2390 529 2442 Δημητρίου
567 2393 639 2430 τοῦ
680 2390 858 2442 Σκηψίου
897 2392 945 2430 τὸ
985 2390 1153 2435 βιβλίον
1185 2387 1380 2430 Τέλλιδος
1416 2389 1516 2441 πρὸς
1546 2391 1596 2441 τῇ
1638 2389 1797 2439 κεφαλῇ

297 2445 422 2487 αὐτοῦ
453 2444 605 2497 εὑρέθη.

709 2548 723 2575 ¹
754 2563 841 2590 mss
862 2549 949 2590 add
981 2550 1053 2600 ἔξω
1073 2553 1146 2589 τοῦ
1166 2547 1339 2589 καθόλου

300 2629 396 2687 408
