1900 3072
792 255 980 303 LYRA
1035 255 1316 304 GRAECA

302 383 472 424 θέοντες.
537 385 557 423 ὁ
578 385 611 423 δ’
634 385 696 423 ὑπ’
719 386 842 425 αὐτοῦ
866 386 1145 438 στρεφομένου
1170 387 1343 436 ληφθεὶς
1367 386 1454 427 ἀντ’
1478 388 1600 428 αὐτοῦ
1625 385 1809 436 κάθηται.

304 439 387 479 ἔσθ’
420 440 490 479 ὅτε
525 443 657 482 <δ’>
694 442 713 479 ὁ
743 439 819 489 μὲν
850 440 993 491 ἔχεται
1024 442 1100 486 τῆς
1129 440 1284 493 χύτρας
1314 443 1418 483 κατὰ
1446 443 1524 491 τὴν
1554 444 1740 494 κεφαλὴν
1760 445 1812 496 τῇ

303 498 398 545 λαιᾷ
418 493 610 545 περιθέων
631 495 674 535 ἐν
695 494 847 546 κύκλῳ,
876 498 911 535 οἵ
932 495 975 535 δὲ
998 495 1187 536 παίουσιν
1208 497 1331 537 αὐτὸν
1351 499 1650 553 ἐπερωτῶντες,

812 581 904 639 Τίς
934 581 1032 649 τὴν
1058 581 1309 653 χύτραν,-

304 675 457 714 ἆκεῖνος
480 674 737 725 ἀποκρίνεται

1173 749 1409 816 Ἀναζεῖ·

812 897 906 955 Τίς
934 898 1058 968 περὶ
1086 897 1299 970 χύτραν
1320 922 1336 960 ,·
1357 900 1378 932 1

305 992 486 1031 κάκεῖνος
510 992 766 1043 ἀποκρίνεται

1179 1066 1323 1135 Ἐγὼ
1355 1065 1553 1125 Μίδας·

305 1169 350 1210 οὗ
390 1173 423 1210 δ’
462 1172 511 1211 ἂν
549 1171 657 1225 τύχῃ
698 1176 754 1222 τῷ
793 1171 894 1220 ποδί,
941 1170 1089 1211 ἐκεῖνος
1130 1172 1214 1211 ἀντ’
1256 1172 1379 1212 αὐτοῦ
1418 1172 1506 1223 περὶ
1541 1172 1617 1220 τὴν
1655 1170 1814 1224 χύτραν

303 1224 574 1279 περιέρχεται.

1027 1303 1089 1350 35

359 1370 552 1422 Hesyeh.

676 1445 894 1512 ἘξάὙω
923 1445 1112 1517 χωλὸν
1139 1443 1460 1513 τρακγίσκον·

302 1542 459 1580 παιδιᾶς
483 1540 585 1580 εἶδος
605 1540 710 1591 παρὰ
731 1539 997 1591 Ταραντίνοις.

1028 1637 1091 1684 36

360 1724 476 1764 Plut.
516 1725 632 1764 Thes.
667 1726 729 1764 16.
760 1725 785 1763 2
819 1725 874 1775 [π.
901 1726 1054 1775 δασμοῦ
1083 1725 1155 1764 τοῦ
1187 1723 1416 1776 Κρητικοῦ]·
1448 1722 1740 1775 Ἀριστοτέλης
1770 1721 1814 1763 δὲ

306 1781 369 1819 καὶ
411 1781 531 1820 αὐτὸς
573 1782 615 1819 ἐν
652 1783 703 1832 τῇ
743 1780 961 1820 Βοττιαίων
1009 1778 1202 1831 Πολιτείᾳ
1243 1778 1366 1825 δῆλός
1411 1780 1526 1819 ἐστιν
1563 1779 1608 1819 οὐ
1647 1777 1814 1829 νομίζων

306 1836 547 1887 ἀναιρεῖσθαι
582 1836 677 1876 τοὺς
707 1838 848 1876 παῖδας
885 1836 959 1875 ὑπὸ
990 1837 1062 1875 τοῦ
1102 1834 1226 1881 Μίνω,
1257 1835 1366 1873 ἀλλὰ
1405 1832 1646 1881 θητεύοντας
1681 1837 1723 1874 ἐν
1761 1837 1813 1888 τῇ

310 1891 445 1943 Κρήτῃ
464 1890 803 1942 καταγηράσκειν·
838 1890 901 1930 καί
917 1908 1015 1930 ποτε
1034 1892 1190 1941 Κρῆτας
1207 1890 1334 1938 εὐχὴν
1353 1890 1529 1929 παλαιὰν
1548 1889 1812 1931 ἀποδιδόντας

307 1948 520 1998 ἀνθρώπων
541 1947 728 1998 ἀπαρχὴν
756 1949 810 1987 εἷς
833 1946 1022 1996 Δελφοὺς
1055 1943 1344 1993 ἀποστέλλειν,
1366 1948 1451 1985 τοῖς
1472 1944 1516 1984 δὲ
1543 1943 1810 1995 πεμπομένοις

307 2000 620 2052 ἀναμειχθέντας
643 2001 833 2052 ἐκγόνους
855 2003 1016 2042 ἐκείνων
1037 2003 1301 2052 συνεξελθεῖν·
1335 2003 1385 2040 ὡς
1407 2000 1449 2040 δὲ
1470 2002 1542 2040 οὐκ
1562 1999 1668 2047 ἦσαν
1685 2002 1810 2041 ἱκανοὶ

305 2057 469 2108 τρέφειν
491 2058 657 2098 ἑαυτοὺς
679 2058 826 2106 αὐτόθι,
853 2062 1010 2109 πρῶτον
1039 2055 1113 2105 μὲν
1142 2057 1198 2096 εἷς
1226 2055 1403 2096 Ἰταλίαν
1433 2058 1668 2107 διαπερᾶσαι
1698 2057 1815 2096 κάκεῖ

305 2115 507 2152 κατοικεῖν
526 2114 613 2164 περὶ
636 2114 712 2160 τὴν
733 2114 950 2164 Ἰαπυγίαν,
969 2114 1120 2151 ἐκεῖθεν
1136 2112 1177 2150 δὲ
1195 2110 1304 2152 αὖθις
1321 2113 1376 2151 εἷς
1393 2110 1552 2163 Θρᾴκην
1572 2113 1810 2161 κομισθῆναι

307 2169 369 2207 καὶ
394 2170 590 2215 κληθῆναι
613 2168 858 2209 Βοττιαίους·
893 2169 952 2208 διὸ
972 2168 1046 2208 τὰς
1074 2165 1193 2217 κόρας
1219 2170 1300 2206 τῶν
1320 2169 1541 2207 Βοττιαίων
1561 2166 1702 2207 θυσίαν
1720 2166 1810 2207 τινὰ

304 2222 504 2264 τελούσας
526 2223 684 2276 ἐπᾴδειν

1027 2276 1039 2293 9

773 2275 965 2345 Ἴωμεν
991 2299 1065 2334 εις
1093 2275 1345 2342 Ἀθήνας.

646 2381 662 2405 1
692 2394 810 2420 some
832 2394 919 2419 mss
941 2381 1049 2420 omit
1071 2377 1207 2428 ἇναζεῖ
1224 2382 1273 2418 to
1293 2379 1476 2419 κάκεῖνος

363 2491 378 2515 ¹
409 2492 484 2531 the
506 2491 611 2531 verb
633 2491 709 2530 has
732 2496 778 2530 to
798 2490 852 2530 be
873 2489 1087 2542 supplied,
1113 2488 1200 2528 and
1220 2489 1258 2528 is
1278 2489 1509 2529 uncertain
1638 2486 1655 2511 ²
1682 2487 1807 2541 prob.

312 2548 377 2579 =‘
395 2546 476 2585 I’m
497 2545 704 2597 donkey‚’
728 2544 782 2585 ef.
805 2545 881 2584 the
902 2543 1137 2596 ball-game
1158 2543 1265 2584 Poll.
1293 2544 1329 2584 9.
1359 2544 1436 2584 106
1697 2542 1713 2566 ³
1749 2542 1804 2583 cf.

309 2600 500 2652 Hesych.
532 2600 727 2650 χυτρίνδα
918 2599 936 2624 ‘²
966 2598 1018 2638 of.
1060 2597 1178 2637 Plut.
1222 2599 1264 2646 Q.
1306 2599 1376 2638 Or.
1415 2598 1467 2638 35
1503 2596 1622 2650 (why
1648 2597 1687 2636 it
1717 2608 1807 2636 was

308 2655 386 2694 the
418 2659 586 2694 eustom
618 2654 685 2694 for
716 2652 792 2693 the
822 2652 1060 2693 Bottiaeam
1089 2651 1196 2705 girls
1226 2656 1273 2692 bo
1302 2652 1399 2705 sing
1427 2665 1475 2692 as
1503 2650 1612 2704 they
1640 2649 1810 2691 danced

309 2734 407 2782 540
