1900 3072
485 413 729 469 ΦΙΛΟΞ
742 415 947 465 ENOT
1000 415 1148 466 ΤΟΥ
1195 412 1575 470 ΕΡΤΞῘΔΟΣ

967 527 1093 585 Βίος

346 630 431 679 Ar.
463 630 584 678 ,λἰιῦ.
616 631 706 676 681
750 633 1095 685 ΣΩΚΡΑΤΗΣ,
1134 632 1207 680 καὶ
1246 635 1668 684 ΣΤΡΕΨΙΑΔΗΣ·

277 697 391 749 ΣΩ.
432 697 505 749 ἔθ’
535 698 590 750 ἕν
617 721 670 751 τι
698 699 821 764 περὶ
850 702 955 752 τῶν
985 700 1265 767 ὀνομάτων
1289 699 1486 767 μαθεῖν
1514 723 1578 753 σε
1605 699 1698 760 δεῖ,

425 770 543 823 ἄττ’
573 770 746 839 ἄρρεν’
774 772 924 824 ἐστὶν
953 773 1095 825 ἅττα
1125 771 1167 824 δ’
1198 773 1379 825 αὐτῶν
1407 773 1598 839 θήλεα.

273 842 377 896 ΣΤ.
422 841 550 895 ἀλλ’
581 843 676 897 οἶδ’
705 844 863 912 ἔγωγ’
893 845 927 898 ἃ
961 843 1112 911 θήλε’
1140 842 1503 901 ἐστίν.-ΣΩ.
1543 845 1664 899 εἰπὲ
1692 845 1773 913 δή.

272 915 375 969 ΣΤ.
417 916 699 977 Λύσιλλα,
729 916 979 978 Φίλιννα,
1011 918 1386 988 Κλειταγόρα,
1416 918 1722 987 Δημητρία.

271 988 387 1041 ΣΩ.
428 989 625 1057 ἄρρενα
653 989 710 1042 δὲ
737 995 871 1043 ποῖα
904 995 1009 1044 τῶν
1037 991 1317 1058 ὀνομάτων
1338 988 1540 1052 ,·-ΣΤ.
1568 990 1748 1060 μυρία.

287 1067 385 1112 687
427 1060 739 1129 Φιλόξενος,
769 1063 1118 1129 λΙελησίας,
1127 1064 1389 1131 Αμυνίας.

269 1133 383 1188 ΣΩ.
425 1135 572 1195 ἀλλ’,
603 1135 642 1187 ὦ
670 1137 886 1207 πονηρέ,
917 1135 1159 1204 ταῦτάγ’
1183 1136 1298 1189 ἔστ’
1326 1138 1424 1190 οὐκ
1451 1136 1666 1208 ἄρρενα.
1714 1141 1717 1143 Δ

268 1205 375 1263 ΣΤ.
419 1209 515 1260 οὐκ
562 1208 735 1277 ἄρρεν’
781 1210 905 1278 ὑμῖν
956 1209 1145 1272 ἐστίν,·
1152 1244 1222 1249 —-
1227 1206 1342 1266 ΣΩ.
1402 1211 1650 1279 οὐδαμῶς
1699 1210 1769 1279 γ’,

482 1281 603 1334 ἐπεὶ

284 1358 385 1405 690
427 1358 540 1410 πῶς
568 1356 632 1407 ἂν
661 1354 954 1413 καλεσειας
984 1356 1229 1444 ἐντυχὼν
1254 1354 1529 1429 Αμυνία,·

265 1421 368 1481 ΣΤ.
409 1428 556 1484 ὅπως
585 1427 687 1489 α’ν,·
731 1428 840 1488 ὡδί,
869 1428 1024 1499 δεῦρο
1054 1427 1192 1498 δεῦρ’
1221 1427 1474 1497 Ἀμυνία.

267 1495 383 1552 ΣΩ.
425 1497 592 1570 ὁρᾷς,·
634 1505 869 1568 γυναῖκα
895 1525 995 1566 την
1020 1500 1285 1569 Ἀμυνίαν
1311 1506 1511 1558 καλεῖς

265 1569 370 1626 ΣΤ.
412 1573 609 1626 οὔκουν
637 1573 916 1631 δικαίως“
884 1597 1002 1643 ητις
1031 1575 1091 1627 οὐ
1121 1573 1523 1686 στρατεύεται;

335 1666 445 1713 Sch.
499 1668 560 1714 ad
608 1668 687 1714 loc.
739 1670 884 1738 (684)
927 1668 1093 1721 αὗται
1133 1667 1334 1738 πόρναι
1375 1670 1535 1735 ἦσαν.
1524 1671 1765 1737 ·—(686)

264 1737 413 1790 οὗτοι
466 1739 557 1791 ἐπὶ
608 1739 862 1814 μαλακία
914 1741 1340 1805 διαβάλλονται.
1345 1743 1571 1808 -<691)
1629 1742 1765 1810 πρὸς·

262 1810 357 1877 τὴν
386 1812 696 1880 κατάληξιν
725 1817 820 1867 τοῦ
847 1814 1109 1882 ὀνόματος
1138 1814 1364 1884 ἕπαιξεν
1389 1814 1464 1872 εἰς
1492 1813 1764 1882 διαβολὴν

261 1887 356 1936 τοῦ
384 1883 588 1954 ἀνδρός.

332 1979 415 2025 Ar.
445 1979 565 2028 Rsm.
607 1981 702 2026 932
744 1983 1076 2034 ΔΙΟΝΥΣΟΣ
1115 1983 1189 2030 καὶ
1224 1983 1570 2036 ΑΙΣΧΥΛΟΣ·

259 2049 354 2099 ΔΙ.
688 2047 750 2113 νὴ
778 2048 901 2105 τοὺς
928 2048 1082 2106 θεοὺς
1110 2050 1215 2117 ἐγὼ
1242 2053 1373 2118 γοῦν

404 2119 505 2185 ἤδη
553 2120 676 2172 ποτ’
724 2122 779 2173 ἐν
827 2124 1020 2192 μακρῷ
1066 2121 1248 2192 χρόνῳ
1301 2120 1494 2180 νυκτὸς
1546 2121 1759 2192 διηγρύ-

475 2215 663 2258 πνησα

403 2265 494 2317 τὸν
539 2265 734 2333 ξουθὸν
777 2266 1233 2337 ἱππαλεκτρυόνα
1279 2269 1448 2333 ζητῶν
1487 2265 1567 2325 τίς
1608 2268 1760 2322 ἐστὶν

474 2339 629 2406 ὄρνις.

259 2411 357 2463 ΑΙ.
400 2414 626 2477 σημεῖον
704 2412 758 2464 ἐν
843 2416 961 2469 ταῖς
1038 2411 1250 2473 ναυσίν,
1322 2412 1362 2465 ὦ
1430 2411 1757 2480 μαθέστατ,’

472 2483 854 2551 ἐνεγέγραπτο.

255 2557 350 2609 ΔΙ.
393 2556 498 2622 ἐγὼ
528 2555 584 2609 δὲ
611 2556 702 2610 τὸν
732 2558 1034 2626 Φιλοξένου
1061 2556 1110 2625 γ’
1140 2557 1291 2629 ᾤμην
1309 2557 1535 2628 ’Ἐρυξιν
1562 2557 1716 2613 εἶναι.

257 2646 353 2690 340
