1900 3072
751 228 936 274 LYRA
988 227 1268 275 GRAECA

975 360 1037 406 12

308 449 416 488 Ath.
445 450 506 488 11.
532 448 653 489 465b
714 448 776 487 καὶ
801 449 1023 487 Οδυσσεὺς
1045 449 1206 487 ὤπασεν
1227 446 1319 496 (Od.
1347 447 1409 487 10.
1436 444 1559 496 208)'
1565 443 1762 495 μελιηδέα

255 505 362 545 οἶνον
392 502 567 556 ἐρυθρόν,
594 503 641 555 Ι
627 520 668 542 εν
698 502 818 542 δέπας
849 503 1078 553 ἐμπλήσας,
1106 504 1251 542 ύδατος
1279 503 1310 540 δ’
1341 501 1415 541 ἆνὰ
1448 505 1577 541 εἴκοσι
1599 499 1757 570 μέτραΙ

255 577 333 612 χευ
348 563 370 585 ’·
395 560 496 609 ὀδμὴ
517 559 549 598 δ’
567 560 682 607 ἡδεῖα
703 559 780 598 ἀπὸ
803 561 1000 610 κρητῆρος
1022 557 1170 597 ὀδώδει.
1177 558 1184 571 ’
1219 554 1405 607 Τιμόθεος
1427 556 1469 596 δὲ
1492 558 1534 596 ἐν
1557 555 1759 597 Κύκλωπι·

475 637 668 706 ἔγχευε
696 633 739 687 δ’
759 633 830 668 1
807 657 862 687 εν
888 633 984 702 μὲν
1012 633 1181 691 δέπας

475 707 726 761 κίσσινον
753 707 1016 776 μελαίνας

477 779 748 848 σταγόνος
777 778 1064 849 ἀμβρότας
1092 779 1250 850 ἀφρῷ
1277 778 1539 848 βρυάζον·

476 854 682 944 εἶ’κρσιν
712 853 765 905 δὲ
793 853 940 922 μέτρ’
969 851 1170 923 ἐνέχευ’

409 940 436 978 5
475 927 738 994 ἀνέμισγε
766 926 810 978 δ’
838 926 977 992 αἷμα
996 925 1016 957 ²
1043 923 1296 996 Βακχίου

477 999 814 1070 νεορρύτοισι
832 999 853 1030 3
881 998 1169 1069 δακρύοισι
1198 1000 1458 1068 Νυμφᾶν.

982 1135 1043 1182 13

316 1224 469 1276 Chrys.
504 1240 545 1262 π.
569 1225 744 1276 ἀποφατ.
780 1224 830 1264 10
887 1225 921 1263 εἷ
954 1221 1130 1274 Κύκλωψ
1163 1225 1182 1261 ὃ
1217 1224 1289 1262 τοῦ
1321 1221 1513 1273 Τιμοθέου
1546 1219 1644 1273 πρός
1674 1237 1765 1261 τινα

262 1281 386 1320 οὕτως
409 1279 658 1363 ἀπεφήνατοΙ·

590 1344 739 1397 οὔτοι
768 1342 863 1397 τόν
887 1342 936 1410 γ’
969 1342 1413 1413 ὑπεραμπέχοντ’

588 1415 818 1486 οὐρανὸν
845 1415 1228 1482 εἰσαναΒησει.

806 1588 966 1635 14-19
1039 1587 1227 1650 Πέρσαι

317 1675 433 1715 Plut.
466 1677 546 1716 Via.
570 1677 728 1726 th'lop.
760 1676 805 1713 11
866 1676 1035 1726 λέγεται
1056 1675 1099 1714 δὲ
1120 1677 1193 1722 τῆς
1214 1678 1294 1716 τῶν
1314 1674 1491 1723 Νεμείων
1509 1672 1766 1726 πανηγύρεως

265 1733 527 1779 συνεστώσης
560 1733 873 1783 στρατηγοῦντα
904 1734 979 1771 τὸν
1007 1731 1273 1780 Φιλοποίμενα
1301 1732 1350 1770 τὸ
1376 1728 1563 1780 δεύτερον
1583 1730 1647 1770 καὶ
1668 1746 1764 1770 νενι-

265 1786 421 1834 κηκότα
450 1788 524 1836 μὲν
551 1789 595 1826 οὐ
625 1788 753 1828 πάλαι
784 1787 860 1833 τὴν
893 1789 935 1825 ἐν
967 1786 1183 1837 Μαντινείᾳ
1213 1786 1368 1835 μάχην,
1399 1785 1497 1826 τότε
1528 1785 1570 1825 δὲ
1601 1787 1767 1837 σχολὴν

264 1842 419 1892 ἄγοντα
450 1844 513 1882 διὰ
546 1842 622 1889 τὴν
654 1841 809 1893 ἑορτήν,
846 1845 1003 1893 πρῶτον
1040 1842 1114 1892 μὲν
1149 1843 1336 1891 ἐπιδεῖξαι
1366 1845 1451 1882 τοῖς
1480 1840 1663 1889 ιἘλλησι
1703 1857 1765 1880 κε-

265 1899 525 1948 κοσμημένην
563 1898 639 1944 τὴν
677 1897 877 1949 φάλαγγα
918 1898 981 1937 καὶ
1018 1894 1268 1946 κινουμένην,
1301 1898 1435 1949 ὥσπερ
1466 1899 1636 1944 εἴθιστο,
1671 1901 1768 1936 τοὺς

264 1954 482 1994 τακτικοὺς
521 1954 690 2004 ῥυθμοὺς
726 1953 830 2003 μετὰ
867 1953 1025 2002 τάχους
1064 1956 1128 1992 καὶ
1168 1953 1311 2004 ῥώμης·
1362 1951 1501 1992 ἔπειτα
1545 1955 1769 2004 κιθαρῳδῶν

265 2007 565 2060 ἀγωνιζομένων
602 2009 658 2050 εἰς
677 2009 727 2048 τὸ
749 2009 916 2059 θέατρον
935 2011 1150 2060 παρελθεῖν
1178 2007 1332 2058 ἔχοντα
1356 2009 1451 2048 τοὺς
1472 2008 1704 2047 νεανίσκους
1725 2009 1769 2047 ἐν

263 2068 352 2104 ταῖς
375 2068 683 2117 στρατιωτικαῖς
714 2064 901 2114 χλαμύσι
931 2064 994 2103 καὶ
1025 2067 1109 2104 τοῖς
1131 2066 1364 2114 φοινικικοΐς
1388 2062 1612 2111 ὑποδύταις,
1638 2062 1765 2112 ἀκμά-

266 2117 410 2168 ζοντάς
441 2137 486 2160 τε
520 2122 606 2160 τοῖς
641 2119 822 2169 σώμασιν
850 2118 1029 2158 ἅπαντας
1050 2120 1113 2158 καὶ
1137 2122 1226 2160 ταῖς
1255 2120 1431 2167 ἡλικίαις
1459 2117 1764 2170 παραλλήλους,

266 2177 360 2214 αἷδῶ
383 2174 425 2214 δὲ
451 2177 614 2222 πολλὴν
645 2176 742 2226 πρὸς
771 2177 845 2214 τὸν
874 2174 1056 2225 ἄρχοντα
1087 2176 1150 2214 καὶ
1184 2173 1369 2226 φρόνημα
1399 2178 1579 2214 νεανικὸν
1599 2173 1766 2225 ὑποφαί-

266 2247 406 2271 νοντας
428 2233 473 2270 ἐκ
493 2234 659 2270 πολλῶν
681 2232 743 2270 καὶ
767 2233 903 2270 καλῶν
923 2231 1099 2281 ἀγώνων·
1128 2230 1218 2281 ἄρτι
1239 2228 1271 2269 δ’
1293 2232 1425 2269 αὐτῶν
1444 2228 1770 2277 εἰσεληλυθότων

267 2287 370 2326 κατὰ
391 2287 526 2335 τυχὴν
547 2286 739 2334 Πυλάδην
759 2287 833 2325 τὸν
853 2287 1070 2337 κιθαρῳδὸν
1093 2283 1241 2338 ᾄδοντα
1269 2285 1364 2325 τοὺς
1392 2283 1582 2335 Τιμοθέου
1609 2282 1768 2337 Πέρσας

267 2341 515 2393 ἐνάρξασθαι·

324 2484 341 2509 ¹
369 2487 427 2525 B:
460 2498 548 2525 mss
579 2484 721 2538 ἔχευεν
750 2488 798 2533 δ’,
821 2485 939 2534 ἔχευε
961 2487 1016 2525 6‘:
1049 2485 1174 2524 Eust.
1201 2498 1283 2524 om.
1401 2485 1418 2509 ²
1449 2483 1576 2525 Kaib.
1605 2483 1768 2536 (impf.)

269 2539 356 2579 and
377 2540 546 2582 Grotef.
555 2542 639 2583 —Bz
667 2554 754 2581 mss
776 2542 976 2591 ἆνέχευαν
995 2540 1136 2591 ἔμισγε
1158 2540 1291 2591 δίαμα,
1313 2537 1502 2589 ενέχευεν
1521 2539 1713 2590 ἀνέμισγε
1734 2541 1767 2578 δ’

270 2595 374 2645 ἄμας
407 2596 532 2636 Eust.
556 2599 685 2636 εἴκοσι
706 2599 738 2635 δ’
761 2599 905 2636 ὕδατος
924 2597 1035 2648 μέτρ’
1057 2595 1200 2647 ἔχευεν
1323 2593 1341 2618 ⁸
1369 2593 1484 2634 Wil:
1516 2606 1604 2634 mss
1625 2610 1726 2634 -τοις

270 2698 367 2744 304
