1900 3072
784 205 968 252 LYRA
1021 205 1299 252 GRAECA

367 335 487 381 Ath.
518 338 562 383 8.
586 338 676 385 341
705 354 733 382 a
812 335 889 401 [π.
916 334 1270 404 ὀψοφάγων]·
1311 335 1406 388 καὶ
1430 332 1794 405 Ἀνδροκύδης

294 406 337 457 δ’
367 405 391 457 ὁ
423 406 722 471 Κυζικηνὸς
753 407 1035 478 ζωγράφος
1065 407 1330 478 φίλιχθυς
1364 408 1451 467 ὤν,
1482 410 1550 465 ὡς
1586 407 1796 477 ἱστορεῖ

293 478 580 543 Πολέμων,
613 480 700 531 ἐπὶ
731 484 997 533 τοσοῦτον
1023 479 1190 546 ἢλθεν
1224 479 1559 547 ἡδυπαθείας
1597 481 1666 537 ὡς
1701 481 1794 533 καὶ

295 551 420 607 τοὺς
471 552 598 621 περὶ
649 552 745 619 τὴν
802 552 1066 609 Σκύλλαν
1117 553 1276 624 ἰχθῦς
1343 551 1484 606 κατὰ
1548 552 1796 619 σπουδὴν

292 624 531 692 γράψαι.
610 626 734 693 περὶ
774 626 826 678 δὲ
865 626 1167 694 Φιλοξένου
1204 629 1301 678 τοῦ
1337 624 1616 694 Κυθηρίου
1654 625 1795 678 διθυ-

292 698 646 766 ραμβοποιοῦ
683 699 903 769 Μάχων
932 697 956 751 ὁ
985 698 1394 768 κωμῳδιοποιὸς
1423 698 1550 751 τάδε
1576 699 1794 768 γράφει·

353 1467 403 1506 10

354 2266 407 2305 20

439 799 763 872 ’Τπερβολῇ
790 800 1020 870 λέγουσι
1049 801 1143 855 τὸν
1170 800 1470 870 Φιλόξενον

441 877 546 926 τῶν
573 874 927 944 διθυράμβων
955 874 1046 927 τὸν
1073 873 1306 940 ποιητὴν
1332 873 1611 942 γεγονέναι

439 946 751 1016 ὀψοφάγον.
826 946 943 1001 εἶτα
971 946 1302 1000 πουλύποδα
1327 950 1525 1018 πηχῶν
1553 947 1696 1000 δυεῖν

441 1020 495 1071 ἐν
521 1023 640 1076 ταῖς
667 1020 1047 1088 Συρακούσαις
1075 1019 1199 1072 ποτ’
1229 1019 1392 1072 αὐτὸν
1420 1020 1695 1088 ἀγοράσαι

441 1092 534 1144 καὶ
563 1094 914 1146 σκευάσαντα
940 1096 1287 1162 καταφαγεῖν
1313 1092 1444 1145 ὅλον
1471 1091 1675 1163 σχεδὸν

441 1164 591 1231 πλὴν
613 1170 707 1231 τῆς
730 1170 993 1232 κεφαλῆς.
1046 1164 1257 1218 ἁλόντα
1280 1163 1323 1216 δ’
1347 1163 1451 1218 ὑπὸ
1475 1164 1794 1234 δυσπεψίας

439 1241 623 1295 κακῶς
650 1235 868 1307 σφόδρα
898 1241 1075 1308 σχεῖν·
1117 1237 1234 1291 εἶτα
1263 1236 1308 1289 δ’
1336 1237 1527 1306 ἰατροῦ
1555 1236 1700 1295 τινὸς

443 1332 577 1398 προς
605 1310 770 1363 αὐτὸν
799 1310 1209 1370 εἰσελθόντος,
1188 1333 1242 1367 ος
1269 1309 1513 1399 φαύλως
1522 1310 1667 1363 πάνυ

443 1386 579 1451 ορῶν
606 1383 915 1474 φερόμενον
928 1382 1094 1436 αὐτὸν
1123 1406 1168 1436 ει
1171 1404 1287 1435 πεν·
1332 1391 1345 1410 ‘
1367 1383 1438 1434 Εί
1459 1380 1513 1435 τί
1540 1405 1630 1435 σοι

443 1454 864 1522 ἀνοικονόμητόν
892 1457 1028 1516 ἐστι,
1059 1454 1304 1508 διατίθου
1330 1454 1493 1525 ταχύ,

441 1527 711 1596 Φιλόξενκ
744 1530 1006 1619 ῗάποθανῇ
1033 1528 1139 1598 γὰρ
1168 1527 1308 1598 ὥρας
1336 1527 1601 1595 ἑβδόμης’
1602 1557 1678 1566 -——-

443 1602 688 1657 κάκεῖνος
716 1600 849 1654 εἶπε·
896 1610 908 1628 ‘
926 1600 1137 1657 Τέλος’
1122 1600 1238 1671 ε’χει
1265 1599 1335 1653 τὰ
1362 1600 1545 1653 πάντα
1572 1622 1679 1668 μοι,

444 1673 628 1741 ἰατρέ,’
659 1673 860 1742 φησί,’
879 1674 970 1726 καὶ
1001 1672 1324 1743 δεδιῴκηται
1350 1674 1549 1725 πάλαι·

444 1747 569 1801 τοὺς
597 1745 967 1814 διθυράμβους
995 1746 1098 1797 σὺν
1124 1745 1265 1802 θεοῖς
1292 1745 1697 1812 καταλιμπάνω

442 1817 810 1888 ἠνδρωμένους
838 1819 930 1871 καὶ
958 1818 1170 1874 πάντας
1197 1816 1692 1888 ἐστεφανωμένους·

444 1893 534 1948 οὓς
563 1890 858 1957 ἀνατίθημι
886 1895 1004 1947 ταῖς
1032 1892 1269 1958 ἐμαυτοῦ
1296 1890 1624 1960 συντρόφοις

447 1965 719 2023 Μούσαις,
761 1962 1095 2033 Ἀφροδίτην
1134 1965 1229 2017 καὶ
1279 1962 1548 2016 Διόνυσον
1587 1960 1799 2031 ἐπιτρό-

590 2059 743 2092 πους.
1634 2080 1639 2084 .

444 2108 597 2162 ταῦθ’
629 2108 684 2161 αἱ
712 2108 970 2174 διαθηκαι
1000 2107 1390 2176 διασαφοῦσιν.
1467 2106 1601 2159 ἀλλ’
1629 2106 1748 2160 ἐπεὶ

447 2181 472 2234 ὁ
500 2180 767 2248 Τιμοθέου
794 2181 995 2248 Χάρων
1022 2180 1325 2250 σχολάζειν
1350 2180 1447 2232 οὐκ
1475 2181 1536 2252 ἐᾷ

449 2255 544 2306 οὑκ
573 2258 669 2319 τῆς
698 2252 929 2318 Νιόβης,
947 2256 1145 2324 χωρεῖν
1169 2253 1222 2305 δὲ
1241 2250 1495 2342 πορθμίδ’
1510 2236 1536 2284 ‘1
1563 2253 1797 2326 ἀναβοᾶ,

447 2330 608 2379 καλεῖ
632 2325 686 2378 δὲ
714 2330 880 2394 μοῖρα
908 2325 1110 2395 νύχιος,
1138 2325 1200 2389 ἧς
1227 2323 1414 2377 κλύειν
1437 2325 1633 2415 χρεών,

449 2397 511 2452 ι”ν
539 2397 681 2468 ἔχων
710 2397 1005 2468 ἀποτρέχω
1036 2399 1220 2449 πάντα
1247 2396 1530 2464 τάμαυτοῦ
1557 2395 1706 2449 κάτω

448 2475 544 2523 τοῦ
571 2468 924 2526 πουλύποδός
946 2492 1037 2536 μοι
1065 2469 1125 2522 τὸ
1154 2469 1501 2522 κατάλοιπον
1526 2468 1783 2522 ἀπόδοτε.

1789 2468 1801 2486 9

826 2587 841 2612 1
871 2586 975 2628 Cas:
1011 2599 1097 2626 mss
1116 2585 1292 2637 πορθμόν
