1900 3072
765 659 1165 719 ΚΟΡΙΝΝΗΣ

904 796 1033 856 Βίος

290 923 428 972 Suid.
478 923 733 993 Κόριννα·
813 921 1244 1013 Ἀχελῳοδώρου
1290 923 1384 976 καὶ
1420 920 1717 989 Ἱ-πποκρα

218 995 378 1056 τείας,
385 996 405 1028 1
431 995 721 1062 Θηβαία
692 1020 725 1063 η
751 994 1091 1064 Ταναγραία,
1113 994 1391 1064 μαθήτρια
1404 992 1717 1086 Μυρτίδος·

223 1067 609 1137 [ἐπωνόμαστο
674 1068 730 1122 δὲ
794 1068 1035 1136 Μυῖα·]2
1096 1067 1314 1138 λυρικη.
1391 1065 1607 1132 ἐνίκησε
1665 1065 1722 1118 δὲ

220 1142 497 1202 πεντάκις,
537 1143 605 1199 ὡς
643 1140 827 1209 λόγος,
866 1139 1164 1210 Πίνδαρον.
1243 1140 1460 1210 ἔγραψε
1510 1137 1720 1204 βιβλία

220 1214 382 1267 πέντε
408 1214 501 1268 καὶ
527 1213 961 1283 Ἐπιγράμματα
989 1213 1082 1267 καὶ
1111 1211 1328 1281 Νόμους
1354 1211 1646 1283 Λυρικούς.

295 1308 425 1356 Plut
468 1308 597 1356 Glor.
636 1308 740 1355 Ath.
777 1309 819 1355 4.
860 1325 906 1371 p.
947 1307 1098 1356 347f.
1179 1307 1210 1372 ἡ
1258 1305 1313 1358 δὲ
1356 1304 1593 1375 Κόριννα
1630 1302 1723 1357 τὸν

222 1380 515 1450 Πινδαρον,
535 1381 666 1434 ὄντα
688 1378 804 1433 νέον
831 1379 911 1432 ἔτι
935 1378 1025 1432 καὶ
1053 1383 1118 1449 τῇ
1145 1376 1434 1447 λογιότητι
1461 1379 1723 1446 σοβαρῶς

222 1453 517 1525 χρώμενον,
584 1451 939 1517 ἐνουθέτησεν
1013 1453 1080 1509 ὡς
1143 1451 1389 1519 ἄμουσον
1451 1450 1583 1504 ὄντα
1648 1448 1722 1517 μὴ

221 1530 486 1580 ποιοῦντα
536 1525 759 1593 μύθους,
811 1547 837 1577 ο
891 1529 985 1591 τῆς
1038 1529 1324 1591 ποιητικῆς
1377 1523 1534 1593 ἔργον
1587 1520 1723 1575 εἶναι

220 1600 566 1667 συμβέβηκε,
622 1597 893 1665 γλώσσας
940 1596 996 1650 δὲ
1047 1597 1140 1650 καὶ
1194 1596 1573 1667 καταχρήσεις
1629 1594 1724 1647 καὶ

223 1672 598 1742 μεταφράσεις
627 1670 718 1723 καὶ
742 1669 882 1738 μέλη
904 1670 999 1722 καὶ
1025 1668 1262 1739 ῥυθμοὺς
1288 1668 1585 1736 ἡδύσματα
1602 1670 1723 1724 τοῖς

227 1745 554 1815 πράγμασιν
589 1743 924 1797 ὑποτίθεται.
1005 1740 1199 1832 σφόδρ’
1246 1764 1338 1794 ουν
1379 1740 1404 1793 ὁ
1451 1739 1724 1810 Πίνδαρος

227 1817 538 1884 ἐπιστήσας
603 1820 715 1873 τοῖς
766 1814 1079 1883 λεγομένοις
1131 1813 1388 1880 ἐποίησεν
1438 1815 1607 1866 ἐκεῖνο
1662 1811 1722 1864 τὸ

225 1890 409 1955 μέλος·
478 1888 763 1956 ’Ἴσμηνὸν
814 1887 848 1954 ἢ
903 1887 1341 1976 χρυσαλάκατον
1400 1883 1619 1939 Μελίαν
1649 1879 1717 1954 1
1689 1907 1722 1950 η

231 1963 456 2031 Κάδμον
509 1962 542 2029 ἢ
594 1958 865 2031 Σπαρτῶν
915 1959 1054 2031 ιερὸν
1095 1958 1246 2028 γένος
1298 1957 1506 2025 ἀνδρῶν
1537 1954 1604 2028 l
1575 1981 1607 2024 η
1660 1955 1723 2009 τὸ

228 2036 374 2088 πάνυ
403 2034 592 2091 σθένος
618 2032 959 2101 Ηρακλέους
991 2029 1060 2101 Ι
1031 2056 1064 2100 η
1097 2031 1197 2084 τὰν
1234 2030 1520 2085 Διωνύσου
1550 2036 1725 2083 πολυ-

226 2107 402 2199 γαθέα
428 2105 604 2175 τιμάν’
639 2104 953 2173 δειξαμένου
982 2104 1036 2158 δὲ
1062 2109 1127 2175 τῇ
1157 2103 1389 2193 Κορίννῃ
1416 2103 1718 2170 γελάσασα

228 2179 402 2246 ἐκείνη
456 2184 521 2249 τῇ
582 2179 728 2251 χειρὶ
786 2178 892 2232 δεῖν
954 2177 1057 2269 ἔφη
1121 2175 1384 2245 σπείρειν,
1436 2173 1592 2228 ἀλλὰ
1649 2172 1724 2242 μὴ

228 2253 341 2322 ὅλῳ
382 2256 457 2322 τῷ
498 2252 896 2320 θυλάκῳ.τῴ
937 2249 1044 2318 γὰρ
1083 2251 1199 2302 ὄντι
1239 2247 1591 2336 συγκεράσας
1633 2245 1726 2299 καὶ

227 2325 594 2414 συμφορήσας
621 2322 1012 2392 πανσπερμίαν
1042 2321 1162 2376 τινὰ
1190 2320 1427 2391 μύθων
1404 2344 1429 2374 ο
1458 2319 1727 2389 Πίνδαρος

229 2398 302 2454 εἰς
330 2397 391 2450 τὸ
418 2397 582 2465 μέλος
611 2396 840 2467 ἐξέχεεν.

287 2532 303 2556 ²
331 2531 541 2572 Crbnert:
575 2544 662 2571 mss
695 2530 935 2582 προκρατίας
1067 2529 1082 2554 ²
1112 2528 1234 2582 prob.
1268 2527 1447 2582 belongs
1477 2531 1524 2568 to
1557 2540 1582 2566 a
1614 2525 1727 2565 later

230 2586 434 2636 Corinna,
460 2586 513 2627 cf.
540 2585 660 2627 Suid.
687 2600 716 2626 s.
745 2583 914 2637 Κόριννα
934 2584 1109 2636 νεωτέρα

235 2665 262 2709 6
