1900 3072
801 228 990 276 LYRA
1039 226 1319 275 GRAECA

379 363 462 408 Ar.
493 361 620 407 Rem.
653 361 780 409 1296

383 460 436 513 τί
464 459 524 512 τὸ
548 458 910 530 φλαττοθρατ
939 455 1084 510 τοῦτ’
1105 455 1288 517 ἐστίν;
1320 458 1379 510 ἐκ
1398 457 1762 525 Μαραθῶνος,
1780 457 1813 525 ἢ

382 544 549 598 πόθεν
574 542 872 611 συνέλεξας
901 539 1328 611 ἱμονιοστρόφου
1354 540 1495 609 μέλη
1523 564 1539 602 ,-

379 670 490 717 Sch.
529 669 589 715 ad
617 669 696 714 loc.
774 662 886 716 οἷον
913 660 1385 734 σχοινιοστρόφου
1419 660 1560 730 μέλη
1603 660 1633 713 ἃ
1674 661 1816 720 εἰκὸς

309 747 482 817 ἄνδρα
502 746 674 800 ὕδατα
699 745 993 816 ἀρυόμενον
1014 744 1178 818 ᾅδειν.
1233 743 1414 814 ἱμονιὰ
1434 743 1544 815 «γὰρ
1561 750 1815 800 καλεῖται

307 832 370 885 τὸ
423 835 528 884 τῶν
581 831 945 898 ἀντλημάτων
999 827 1260 900 σχοινίον,
1314 828 1407 882 καὶ
1460 829 1521 883 τὸ
1575 828 1731 903 ᾆσμα
1785 830 1811 883 ὃ

310 915 537 987 ᾄδουσιν
571 913 621 967 οἱ
656 913 928 979 ἀντληταὶ
955 912 1152 980 ἱμαῖον.
1233 911 1626 984 Καλλίμαχος·
1667 917 1808 981 (Hec.

307 1003 334 1046 i.
367 1000 396 1046 4
421 1016 449 1044 a
478 997 574 1062 11).

379 1121 474 1169 od.
505 1123 548 1169 5.
580 1123 637 1170 61
682 1115 765 1184 [π.
799 1114 1158 1185 Καλυψοῦς]·

758 1221 788 1285 ἡ
818 1219 863 1271 δ’
892 1219 1042 1272 ἔνδον
1070 1218 1373 1272 ἀοιδιάονσ’
1401 1217 1495 1273 ὀπὶ
1523 1223 1668 1290 καλῇ

455 1303 610 1356 ἰστὸν
639 1302 970 1374 ἐποιχομένη
999 1301 1234 1374 χρυσείῃ
1264 1301 1465 1373 κερκίδ’
1495 1304 1736 1374 ὕφαινεν.

376 1430 631 1477 Eratosth.
659 1446 735 1492 ap.
765 1429 841 1477 Et.
870 1429 1004 1492 Mag.
1036 1429 1132 1476 472

453 1520 484 1585 ἡ
512 1523 764 1589 χερνῆτις
793 1517 967 1587 ἔριθος
997 1516 1085 1586 ὑφ’
1114 1516 1343 1587 ὑψηλοῦ
1371 1520 1651 1575 πυλεῶνος

454 1600 752 1658 Δανδαῖτις
780 1598 1128 1671 στείχουσα1
1156 1597 1334 1657 καλὰς
1362 1600 1535 1667 ἤειδεν
1563 1599 1796 1660 ἰούλους.

377 1733 534 1795 Long.
568 1733 693 1779 Past.
719 1735 763 1781 3.
788 1734 847 1781 21
927 1769 937 1780 .
971 1768 979 1779 .
1009 1730 1138 1784 ναῦς·
1183 1726 1383 1780 ἁλιέων
1429 1726 1588 1798 ὤφθη
1629 1750 1810 1799 παρα-

308 1812 578 1866 πλέουσα.
658 1810 849 1879 ἄνεμος
875 1811 974 1880 μὲν
1002 1813 1098 1864 οὐκ
1139 1811 1220 1877 ἦν,
1259 1811 1474 1879 ’γαλήνη
1511 1811 1566 1864 δὲ
1606 1811 1687 1877 ἦν,
1716 1813 1812 1866 καὶ

308 1895 539 1963 ἐρέττειν
581 1893 768 1948 ἐδόκει.
864 1894 957 1947 καὶ
998 1895 1224 1964 ἤρεττον
1275 1893 1600 1963 ἐρρωμένως·
1656 1894 1809 1963 ἠπεί-

306 2001 468 2047 Γγοντο
510 1977 616 2049 (γὰρ
663 1981 874 2036 νεαλεῖς
916 1978 1077 2049 ἰχθῦς
1127 1977 1200 2036 εἰς
1255 1976 1353 2040 τὴν
1399 1976 1566 2031 πόλιν
1609 1977 1810 2031 διασώ-

309 2060 526 2115 σασθαί
579 2084 683 2115 τινι
740 2064 845 2114 τῶν
892 2059 1198 2114 πλουσίων.
1287 2050 1406 2114 οἷον
1445 2061 1537 2114 οὖν
1583 2060 1811 2114 εἰώθασι

307 2149 503 2199 ναῦται
531 2145 661 2214 δρᾶν
688 2143 761 2201 εἰς
790 2144 1049 2212 καμάτων
1078 2142 1359 2212 ἀμέλειαν,
1381 2147 1541 2196 τοῦτο
1570 2145 1809 2197 κάκεῖνοι

308 2228 535 2296 δρῶντες
591 2226 687 2284 τὰς
738 2227 928 2284 κώπας
977 2225 1252 2295 ἀνέφερον.
1346 2227 1420 2284 εἶς
1472 2227 1569 2292 μὲν
1624 2228 1810 2283 αὐτοῖς

306 2310 608 2376 κελευστὴς
668 2309 930 2368 ναυτικὰς
991 2308 1114 2378 ᾖδεν
1171 2307 1331 2380 ᾠδάς,
1393 2309 1442 2362 οἱ
1504 2308 1560 2363 δὲ
1618 2310 1810 2362 λοιποὶ

307 2395 560 2464 καθάπερ
587 2392 752 2464 χορὸς
779 2391 1072 2463 ὁμοφώνως
1101 2392 1245 2445 κατὰ
1273 2391 1460 2461 καιρὸν
1488 2397 1583 2459 τῆς
1604 2391 1809 2446 ἐκείνου

306 2483 487 2548 φωνῆς
528 2475 720 2539 ἐβόων.

610 2580 624 2604 ¹
656 2579 838 2632 reading
858 2580 1104 2629 uncertain,
1129 2592 1198 2619 see
1218 2592 1259 2632 p.
1285 2579 1365 2620 53⁶2
1377 2576 1436 2630 fr.
1457 2578 1511 2620 25

311 2702 406 2762 506
