1900 3072
785 192 972 240 LYRA
1021 192 1300 240 GRAECA

443 325 540 378 οὐκ
569 324 675 378 αἰεὶ
694 325 715 357 1
748 322 1041 376 θαλέθοντι
1066 322 1175 391 βίῳ

443 399 728 460 βλάσταις
755 418 814 449 τε
841 395 1042 449 τέκνων
1066 393 1370 462 βριθομένα
1394 393 1665 463 «γλυκερὸν

443 473 582 541 φάος
611 469 798 540 ὁρῶσα

297 564 555 613 τελευτήσει,
593 565 664 606 οὐκ
695 565 743 603 ἂν
775 564 900 603 οὕτως
933 562 1233 613 ἐδυσχέραινεν,
1270 563 1319 601 ὡς
1347 561 1412 601 καὶ
1450 562 1498 601 τὸ
1536 560 1610 611 ζῆν
1649 557 1804 600 ἐθέλειν

300 621 483 659 ἐκλιπεῖν
504 622 565 658 διὰ
585 622 633 658 τὸ
654 621 824 668 μέγεθος
846 621 919 665 τῆς
942 619 1150 668 συμφορᾶς
1181 618 1243 656 καὶ
1274 617 1369 656 τοὺς
1391 618 1502 656 θεοὺς
1524 617 1802 654 ἐπικαλεῖσθαι

299 673 556 726 ἀνάρπαστον
577 675 703 722 αὐτὴν
723 676 914 724 γενέσθαι
935 674 1034 726 πρὸς
1054 672 1259 712 ἀπώλειαν
1277 673 1354 719 τὴν
1374 669 1692 721 χαλεπωτάτην.

1022 833 1086 881 84

355 924 512 964 Bacch.
550 925 658 964 [πιέν.
694 924 806 964 Mus.
844 924 896 962 25
954 923 1122 962 δέκατος
1161 923 1203 961 δὲ
1244 920 1431 962 ἐνόπλιος
1471 924 1513 972 ἐξ
1552 920 1700 971 ἰάμβου
1738 920 1803 961 καὶ

304 978 506 1029 ἡγεμόνος
527 980 590 1019 καὶ
614 979 775 1029 χορείου
798 979 860 1018 καὶ
885 978 1032 1027 ἰάμβου
1053 977 1136 1017 οἷον

719 1053 744 1106 ὁ
775 1053 868 1107 τὸν
895 1053 1088 1110 πίτυος
1117 1052 1392 1123 στέφανον

361 1278 497 1319 Clem.
519 1278 591 1317 Al.
612 1277 696 1317 Str.
724 1280 760 1318 6.
784 1277 862 1320 796
1027 1210 1089 1258 85

707 1354 769 1406 οὐ
795 1353 871 1421 μή
897 1375 1034 1406 ποτε
1060 1351 1160 1405 τὰν
1226 1351 1423 1416 ἀρετὰν

709 1426 1029 1494 ἀλλάξομαι
1057 1423 1168 1478 ἀντ’
1199 1424 1390 1478 ἀδίκου

710 1498 941 1568 κέρδεος·

1179 1352 1200 1384 2

309 1594 444 1633 ἄδικον
467 1593 508 1633 δὲ
531 1594 715 1644 ἄντικρυς
745 1593 881 1644 κέρδος
908 1592 1031 1640 ἡδονὴ
1054 1593 1117 1631 καὶ
1140 1591 1250 1638 λύπη
1270 1590 1390 1631 πόθος
1406 1591 1422 1615 ³
1442 1607 1488 1630 τε
1510 1591 1574 1630 καὶ
1596 1588 1725 1638 φόβος
1747 1589 1811 1629 καὶ

311 1648 526 1688 συνελόντι
560 1651 688 1689 εἰπεῖν
718 1650 769 1687 τὰ
801 1647 906 1694 πάθη
933 1650 1008 1694 τῆς
1038 1649 1187 1698 ψυχῆς,
1225 1645 1276 1686 ὧν
1307 1646 1357 1687 τὸ
1388 1647 1612 1698 παραυτίκα
1641 1645 1813 1697 τερπνὸν

311 1705 472 1755 ἀνιαρὸν
495 1707 535 1744 ἐς
555 1702 734 1744 τούπιόν.

1031 1793 1094 1840 86

363 1882 505 1923 Cram.
533 1883 640 1922 AO.
671 1884 703 1922 l.
735 1883 823 1924 171.
849 1882 902 1921 33
959 1878 1228 1928 σεσημείωται
1259 1879 1309 1921 τὸ
1329 1877 1535 1928 Πολύμνια
1564 1878 1627 1918 ἐπὶ
1648 1875 1808 1918 τούτου·

315 1939 379 1977 καὶ
402 1938 451 1978 τὸ
473 1937 605 1989 κύριον
625 1939 688 1976 καὶ
710 1938 759 1978 τὸ
779 1936 1076 1988 προσηγορικὸν
1099 1933 1280 1987 ἐξέθλιψε
1299 1936 1349 1974 τὸ
1370 1950 1404 1973 υ·

671 2011 965 2080 Πολύμνια
995 2009 1314 2079 παντερπὴς
1340 2007 1477 2080 κόρα

1034 2178 1095 2225 87

372 2279 527 2331 Chrys.
550 2295 591 2318 π.
614 2280 739 2328 ἀποφ.
761 2279 814 2317 24
871 2278 905 2316 εἷ
927 2275 1098 2324 ποιητής
1117 2292 1179 2316 τις
1200 2277 1325 2316 οὕτως
1346 2274 1596 2325 ἀπεφαίνετο

682 2369 779 2420 οὐκ
807 2367 946 2420 εἶδον
969 2365 1248 2437 ἀνεμωκὲα
1272 2364 1445 2435 κόραν

377 2513 392 2537 ¹
424 2526 510 2552 mss
531 2511 622 2551 also
643 2513 706 2551 καὶ
729 2512 753 2559 ἡ
885 2509 922 2562 ³²
951 2510 1005 2560 μή
1027 2525 1125 2549 ποτε
1147 2509 1222 2549 τάν
1244 2511 1306 2550 Β;
1339 2521 1426 2548 mss
1448 2507 1527 2554 μήν
1547 2523 1625 2546 ποτ
1658 2506 1720 2556 ἄν,
1743 2505 1824 2556 μήν

319 2583 379 2605 πω
400 2567 475 2607 τάν
622 2565 639 2589 ⁸
670 2566 874 2607 Miinzel:
905 2579 991 2605 mss
1013 2580 1132 2605 πονος

318 2647 417 2705 456
