1900 3072
761 201 946 248 LYRA
996 202 1275 248 GRAECA

263 336 527 386 τοσοῦτον
566 329 966 384 ἐκπεπτωκότα
1008 334 1106 383 τοῦ
1132 330 1215 421 μὴ
1247 329 1608 401 ἐντρέπεσθαι
1642 330 1766 388 τοὺς

260 404 507 471 πλησίον
535 404 624 457 ἐπὶ
652 408 764 462 τοῖς
790 403 1086 472 «γινομένοις
1119 403 1263 457 ὥστε
1299 407 1544 474 φανερῶς
1570 404 1626 457 ἐν
1654 407 1766 461 τοῖς

261 476 582 543 βαλανείοις
636 476 733 544 τήν
793 499 851 529 τε
907 481 1070 547 χεῖρα
1133 477 1429 542 συνεθίζειν
1496 475 1633 547 πρὸς
1697 475 1766 529 τὰ

264 550 436 621 θερμὰ
481 548 743 603 καθιεντα
787 549 860 606 εἰς
907 548 1048 618 ὕδωρ
1093 547 1292 617 θερμὸν
1337 549 1431 602 καὶ
1476 548 1538 602 τὸ
1586 547 1766 616 στόμα

264 621 831 692 ἀναγαργαριζόμενον
871 621 1069 692 θερμῷ,
1097 621 1245 678 ὅπως
1275 620 1529 687 δηλονότι
1572 621 1627 674 ἐν
1654 624 1768 678 τοῖς

261 697 478 785 θερμοῖς
530 694 851 759 δυσκίνητος
903 693 948 763 ᾗ.
1031 694 1251 764 ἔφασαν
1302 693 1408 763 ιγὰρ
1455 693 1620 747 αὐτὸν
1670 694 1765 747 καὶ

261 771 386 826 τοὺς·
429 768 839 838 ὀψοποιοῦντας
881 767 1340 827 ὑποποιεῖσθαι,
1328 789 1413 819 ινα
1453 766 1767 836 θερμότατα

262 841 618 911 παρατιθῶσι
659 840 753 893 καὶ
798 839 959 908 μόνος
1011 838 1399 909 καταναλίσκῃ
1445 839 1608 896 αὐτὸς
1659 842 1765 892 τῶν

260 917 474 967 λοιπῶν
503 913 935 966 συνακολουθεῖν
956 911 1030 980 μὴ
1057 911 1399 980 δυναμένων.’
1475 911 1544 965 τὰ
1564 911 1609 964 δ’
1626 911 1767 964 αὐτὰ

261 987 355 1040 καὶ
383 987 508 1056 περὶ
536 990 633 1038 τοῦ
664 984 941 1055 Κυθηρίου
969 986 1273 1052 Φιλοξένου
1299 984 1604 1055 ἱστοροῦσι.

434 1250 891 1306 ΦΙΛΟΞΕΝΟΤ
942 1250 1089 1301 ΤΟΥ
1142 1249 1587 1300 ΛΕΤΚΑΔΙΟΤ

753 1323 1269 1374 ΔΙΘΤΡΑΜΒΩΝ

823 1438 916 1484 1-5
990 1439 1193 1484 Δεῖπνον

312 1538 417 1578 Ath.
447 1538 508 1577 15.
539 1535 661 1577 685d
693 1536 752 1586 [π.
785 1535 1032 1585 στεφάνων]·
1062 1534 1273 1586 Φιλόξενος
1304 1533 1346 1573 δὲ
1379 1536 1398 1572 ὁ
1430 1535 1762 1584 διθυραμβοποιὸς

258 1595 301 1632 ἐν
332 1597 387 1643 τῷ
424 1589 729 1644 ἐπιγραφομένῳ
770 1592 927 1641 Δείπνῳ
967 1591 1101 1642 ἀρχὴν
1132 1593 1304 1629 ποιεῖται
1338 1590 1411 1628 τὸν
1447 1590 1654 1640 στέφανον
1687 1591 1762 1637 τῆς

260 1650 434 1699 εὐωχίας
455 1648 600 1688 οὑτωσὶ
625 1648 776 1697 λέγων·

766 1720 910 1774 κατὰ
937 1719 1119 1792 χειρὸς

585 1795 627 1848 δ’
654 1794 812 1861 ἤλυθ’
841 1792 999 1863 ὕδωρ·
1044 1792 1263 1850 ἁπαλὸς

513 1867 858 1924 παιδίσκος’
835 1889 889 1919 εν
917 1865 1154 1957 ἀργυρέα

512 1940 739 2030 προχόῳ
767 1939 945 2011 φέρων
976 1938 1250 2009 ἐπεχευεν·

450 2028 476 2066 5
587 2014 682 2068 εἶτ’
710 2013 866 2083 ἔφερε
893 2011 1180 2115 στέφανον1

507 2091 719 2143 λεπτᾶς
748 2084 857 2138 ἀπὸ
886 2083 1180 2154 μυρτίδος1
1219 2085 1299 2136 εὐ-

511 2160 721 2229 «γνήτων
751 2156 972 2211 κλάδων
1002 2156 1356 2210 δισύναπτον.

996 2275 1025 2322 2

311 2363 422 2404 Ibid.
464 2367 502 2404 4.
540 2363 649 2404 l46f
689 2364 746 2413 [π.
784 2363 983 2413 fiebam]-
1026 2361 1235 2413 Φιλόξενος
1276 2360 1308 2401 δ’
1341 2365 1360 2401 ὁ
1399 2360 1590 2413 Κυθήριος
1628 2362 1670 2400 ἐν
1702 2364 1759 2410 τῷ

257 2420 561 2471 ἐπιγραφομένῳ
593 2419 918 2470 Δείπνῳ-εἴπερ
948 2417 1095 2456 τούτου
1127 2418 1191 2457 καὶ
1221 2420 1240 2456 ὁ
1274 2417 1564 2467 κωμῳδιοποιὸς
1585 2415 1760 2456 Πλάτων

513 2560 528 2585 ¹
558 2560 714 2600 Grotef
733 2573 741 2601 2
773 2573 860 2599 mss
882 2567 1221 2610 στεφανολεπτας
1241 2559 1278 2598 ἆ.
1299 2556 1498 2609 μυρτίδων

258 2654 352 2711 348
