1900 3072
818 244 905 290 LY
915 244 1003 290 ΒΑ
1054 243 1333 291 GRAECA

1003 372 1100 421 104
1126 371 1172 420 A

379 459 510 499 Dion.
536 459 640 504 Hal.
671 461 724 499 25
756 460 814 510 [π.
841 461 914 498 τοῦ
951 461 1058 499 (τοῖς
1091 464 1195 500 θεοῖς
1227 462 1398 512 εὔχομαι
1427 462 1527 500 πᾶσι
1558 460 1621 500 καὶ
1650 459 1831 510 πάσαις,’

328 513 449 553 Dem.
475 516 564 554 Cor.
594 516 649 563 lj·
680 515 723 553 οὐ
745 518 928 554 τοιοῦτος
948 515 1088 564 μέντοι
1107 516 1290 556 κάκεῖνός
1311 516 1425 554 ἐστιν
1448 517 1467 553 ὁ
1488 515 1645 567 ῥυθμός·

463 588 727 659 Κρησίοις
756 590 811 643 ἐν
839 590 1063 660 ῥυθμοῖς
1091 589 1266 643 παῖδα
1294 589 1601 661 μέλψωμεν
1642 632 1651 642 .
1699 632 1710 643 .
1753 632 1765 644 .

328 684 411 733 ἐμοὶ
448 686 550 733 ’γοῦν
585 686 704 725 δοκεῖ·
740 684 811 735 ἔξω
844 684 923 735 ’γὰρ
954 686 1027 723 τοῦ
1059 684 1301 724 τελευταίου
1332 685 1454 725 ποδὸς
1485 683 1537 724 τά
1567 700 1616 735 ’γε
1645 685 1758 725 ἄλλα
1788 686 1830 725 ἐν

328 741 451 778 πᾶσιν
471 741 541 778 ἴσα
564 740 742 791 ὥρισται.

1030 879 1125 926 105

384 965 497 1005 Mar.
531 965 645 1006 Plot.
686 967 829 1005 Gram.
867 966 959 1005 Lat.
998 967 1090 1006 510.
1127 966 1179 1005 *25
1247 966 1302 1006 de
1340 970 1619 1019 pentametro
1658 966 1831 1020 integro

329 1020 572 1060 acatalecto
612 1020 1055 1061 monoschematisto:
1099 1025 1167 1060 est
1201 1025 1390 1061 metrum
1422 1022 1643 1074 integrum
1677 1026 1830 1074 penta-

330 1080 519 1114 metrum
541 1075 822 1128 dactylicum,
849 1074 965 1127 quod
997 1088 1167 1126 semper
1196 1077 1389 1128 quinque
1419 1075 1610 1128 dactylis
1639 1081 1828 1126 constat,

327 1130 456 1182 quale
477 1137 543 1169 est
566 1130 811 1182 exemplum
836 1129 1050 1169 Graecum
1071 1129 1182 1169 illud
1200 1146 1208 1170 :

466 1205 642 1258 Ἴλιον
669 1205 804 1276 ἀμφ’
833 1205 1027 1274 Ἑλένῃ
1055 1205 1446 1275 πεπυρώμενον
1475 1206 1687 1260 ὤλετο.1

1005 1321 1099 1369 105
1126 1320 1170 1368 A

384 1408 497 1448 Ibid.
535 1410 627 1449 524.
668 1411 685 1448 1
746 1413 1059 1449 tetrametrum
1095 1409 1366 1460 (iambicum)
1397 1409 1831 1462 brachycatalectum

328 1463 525 1503 colurum
556 1494 565 1504 .
601 1496 609 1504 .
646 1470 697 1503 ut
717 1470 785 1503 est]

401 1538 466 1591 ‘O
495 1539 704 1598 Πύθιος
731 1540 1117 1610 μεσομφάλοις
1137 1539 1158 1571 2
1186 1538 1307 1596 θεὸς
1334 1540 1465 1610 παρ’
1492 1540 1776 1612 ἐσχάραις,

1031 1699 1127 1747 106

988 1786 1206 1803 ,,,,,

331 1859 478 1894 μετρον
518 1843 837 1891 καταληκτικὸν)
869 1842 1008 1892 μέντοι
1041 1841 1105 1881 καὶ
1144 1843 1454 1892 ’γαλλιαμβικὸν
1493 1842 1556 1880 καὶ
1594 1843 1832 1893 μητρῳακὸν

334 1900 749 1949 καλεῖται-υστερον
779 1896 821 1936 δὲ
857 1896 980 1952 (nal)
1007 1898 1290 1947 ἀνακλώμενον
1319 1895 1593 1944 ἐκλήθη-διὰ
1617 1897 1664 1936 τὸ
1692 1898 1830 1937 πολλὰ

332 1954 427 1992 τοὺς
438 1953 664 2024 νεωτέρους
686 1953 742 1992 εἷς
763 1953 839 2000 τὴν
866 1954 1022 2004 μητέρα
1050 1956 1131 1992 τῶν
1161 1956 1260 1991 θεῶν
1287 1951 1440 2004 γράψαι
1469 1950 1600 2001 τούτῳ
1621 1957 1678 2002 τῷ
1698 1951 1832 2004 μέτρῳ

333 2009 394 2056 (ἐν
416 2014 474 2048 οἱς
497 2025 559 2048 και
581 2009 632 2048 τὰ
652 2007 747 2047 τοὺς
767 2006 926 2057 τρίτους
945 2011 1118 2048 παιῶνας
1139 2006 1292 2056 ἔχοντα
1321 2007 1385 2048 καὶ
1414 2005 1746 2056 παλιμβάκχειον
1767 2007 1830 2046 καὶ

331 2065 404 2102 τὰς
424 2065 645 2113 τροχαϊκὰς
667 2061 887 2114 ἀδιαφόρως
909 2061 1272 2114 παραλαμβάνουσι
1293 2063 1391 2115 πρὸς
1410 2063 1462 2102 τὰ
1484 2060 1664 2114 καθαρά),
1690 2064 1741 2103 ὡς
1763 2063 1827 2102 καὶ

330 2117 381 2157 τὰ
401 2118 690 2169 πολυθρύλητα
709 2120 838 2157 ταῦτα
858 2117 1162 2169 παραδείγματα
1183 2120 1313 2164 δηλοῖ·

443 2194 662 2247 Γαλλαὶ
690 2192 891 2261 μητρὸς
921 2192 1093 2262 ὀρείης
1119 2191 1451 2263 φιλόθυρσοι
1479 2190 1756 2262 δρομάδες,

443 2266 526 2322 αἶς
553 2266 705 2320 ἔντεα
731 2270 1065 2334 παταγεῖται
1091 2265 1185 2319 καὶ
1211 2265 1435 2336 χάλκεα
1462 2263 1713 2335 κρόταλα

358 2370 374 2394 ²
395 2372 443 2410 B:
460 2382 546 2408 mSS
561 2374 1596 2420 ΔΕΙΜΟΝΑΜΦΕΑΗΝΕΝΗΠὙῺΜΕΝΟΝΩΑΗΤΟ,
1610 2374 1832 2410 ΔΕῙΜΟΝ·

331 2429 1037 2464 ΑΛΑΦΕΛΕΝΕΙΠΎΩΜΕΝΩΛΕΕΟ
1161 2425 1177 2449 ²
1206 2425 1270 2463 B:
1304 2437 1391 2463 mSS
1412 2432 1544 2464 -αλιος

388 2555 403 2579 ¹
433 2556 485 2596 D.
520 2555 705 2595 reckons
734 2555 810 2594 the
840 2555 927 2594 last,
950 2555 1137 2607 syllable
1165 2554 1210 2594 of
1239 2554 1458 2605 μέλψωμεν
1491 2554 1626 2603 short,
1661 2553 1831 2606 though

333 2610 581 2663 metrieally
614 2611 651 2650 it
690 2622 769 2649 can
803 2608 933 2649 stand
972 2610 1041 2649 for
1074 2623 1099 2649 a
1133 2609 1236 2662 long
1345 2609 1362 2634 ²
1391 2622 1438 2648 as
1473 2609 1549 2649 the
1586 2608 1832 2661 remaining

331 2683 428 2742 466
