<?xml version="1.0" encoding="UTF-8"?>
<!DOCTYPE html PUBLIC "-//W3C//DTD XHTML 1.0 Transitional//EN"
    "http://www.w3.org/TR/xhtml1/DTD/xhtml1-transitional.dtd">
<html xmlns="http://www.w3.org/1999/xhtml" xml:lang="en" lang="en">
 <head>
  <title>
</title>
<meta http-equiv="Content-Type" content="text/html;charset=utf-8" />
  <meta name='ocr-system' content='tesseract 3.04.00' />
  <meta name='ocr-capabilities' content='ocr_page ocr_carea ocr_par ocr_line ocrx_word'/>
</head>
<body>
  <div class='ocr_page' id='page_1' title='image "./lyragraecabeingr03edmouoft_0580.png"; bbox 0 0 1900 3072; ppageno 0'>
   <div class='ocr_carea' id='block_1_1' title="bbox 814 222 1332 270">
    <p class='ocr_par' dir='ltr' id='par_1_1' title="bbox 814 222 1332 270">
     <span class='ocr_line' id='line_1_1' title="bbox 814 222 1332 270; baseline 0.002 -1"><span class='ocrx_word' id='word_1_1' title='bbox 814 222 1002 270; x_wconf 87' lang='lat' dir='ltr'><strong>LYRA</strong></span> <span class='ocrx_word' id='word_1_2' title='bbox 1052 222 1332 270; x_wconf 87' lang='lat' dir='ltr'><strong>GRAECA</strong></span> 
     </span>
    </p>
   </div>
   <div class='ocr_carea' id='block_1_2' title="bbox 533 438 1576 580">
    <p class='ocr_par' dir='ltr' id='par_1_2' title="bbox 533 438 1576 580">
     <span class='ocr_line' id='line_1_2' title="bbox 533 438 1480 507; baseline 0.002 -15"><span class='ocrx_word' id='word_1_3' title='bbox 533 438 650 492; x_wconf 87' lang='grc' dir='ltr'>Εἴθ’</span> <span class='ocrx_word' id='word_1_4' title='bbox 677 441 807 507; x_wconf 78' lang='grc' dir='ltr'>ἐξῆν</span> <span class='ocrx_word' id='word_1_5' title='bbox 833 438 1020 499; x_wconf 81' lang='grc' dir='ltr'>ὁποῖός</span> <span class='ocrx_word' id='word_1_6' title='bbox 1048 463 1128 498; x_wconf 75' lang='grc' dir='ltr'>τις</span> <span class='ocrx_word' id='word_1_7' title='bbox 1155 440 1220 506; x_wconf 84' lang='grc' dir='ltr'>ἦν</span> <span class='ocrx_word' id='word_1_8' title='bbox 1248 441 1480 498; x_wconf 78' lang='grc' dir='ltr'>ἕκαστος</span> 
     </span>
     <span class='ocr_line' id='line_1_3' title="bbox 533 511 1576 580; baseline 0.001 -15"><span class='ocrx_word' id='word_1_9' title='bbox 533 511 594 565; x_wconf 82' lang='grc' dir='ltr'>τὸ</span> <span class='ocrx_word' id='word_1_10' title='bbox 623 515 826 580; x_wconf 79' lang='grc' dir='ltr'>στῆθος</span> <span class='ocrx_word' id='word_1_11' title='bbox 854 512 1083 567; x_wconf 80' lang='grc' dir='ltr'>διελόντ’</span> <span class='ocrx_word' id='word_1_12' title='bbox 1111 513 1302 567; x_wconf 79' lang='grc' dir='ltr'>ἔπειτα</span> <span class='ocrx_word' id='word_1_13' title='bbox 1333 513 1425 568; x_wconf 90' lang='grc' dir='ltr'>τὸν</span> <span class='ocrx_word' id='word_1_14' title='bbox 1451 517 1576 567; x_wconf 84' lang='grc' dir='ltr'>νοῦν</span> 
     </span>
    </p>
   </div>
   <div class='ocr_carea' id='block_1_3' title="bbox 531 584 1563 730">
    <p class='ocr_par' dir='ltr' id='par_1_3' title="bbox 531 584 1563 730">
     <span class='ocr_line' id='line_1_4' title="bbox 531 584 1358 647; baseline 0.002 -9"><span class='ocrx_word' id='word_1_15' title='bbox 531 584 804 647; x_wconf 84' lang='grc' dir='ltr'>ἐσιδόντα,</span> <span class='ocrx_word' id='word_1_16' title='bbox 832 585 1138 640; x_wconf 82' lang='grc' dir='ltr'>κλείσαντα</span> <span class='ocrx_word' id='word_1_17' title='bbox 1167 587 1358 647; x_wconf 85' lang='grc' dir='ltr'>πάλιν,</span> 
     </span>
     <span class='ocr_line' id='line_1_5' title="bbox 532 657 1563 730; baseline 0.001 -19"><span class='ocrx_word' id='word_1_18' title='bbox 532 657 703 727; x_wconf 82' lang='grc' dir='ltr'>ἄνδρα</span> <span class='ocrx_word' id='word_1_19' title='bbox 733 657 897 729; x_wconf 83' lang='grc' dir='ltr'>φίλον</span> <span class='ocrx_word' id='word_1_20' title='bbox 925 659 1153 728; x_wconf 88' lang='grc' dir='ltr'>νομίζειν</span> <span class='ocrx_word' id='word_1_21' title='bbox 1181 659 1365 730; x_wconf 82' lang='grc' dir='ltr'>ἀδόλῳ</span> <span class='ocrx_word' id='word_1_22' title='bbox 1393 658 1563 730; x_wconf 86' lang='grc' dir='ltr'>φρενί.</span> 
     </span>
    </p>
   </div>
   <div class='ocr_carea' id='block_1_4' title="bbox 511 775 1613 825">
    <p class='ocr_par' dir='ltr' id='par_1_4' title="bbox 511 775 1613 825">
     <span class='ocr_line' id='line_1_6' title="bbox 511 775 1613 825; baseline 0.001 -4"><span class='ocrx_word' id='word_1_23' title='bbox 511 775 537 821; x_wconf 89' lang='grc'><strong>7</strong></span> <span class='ocrx_word' id='word_1_24' title='bbox 609 776 690 825; x_wconf 81' lang='grc' dir='ltr'>ΩΣ</span> <span class='ocrx_word' id='word_1_25' title='bbox 729 776 1100 825; x_wconf 85' lang='grc' dir='ltr'>ΣΙΜΩΝΙΔΟΥ</span> <span class='ocrx_word' id='word_1_26' title='bbox 1136 781 1182 823; x_wconf 92' lang='grc' dir='ltr'><strong>Η</strong></span> <span class='ocrx_word' id='word_1_27' title='bbox 1218 779 1613 823; x_wconf 86' lang='grc' dir='ltr'>ΕΠΙΧΑΡΜΟΥ</span> 
     </span>
    </p>
   </div>
   <div class='ocr_carea' id='block_1_5' title="bbox 526 861 1701 1153">
    <p class='ocr_par' dir='ltr' id='par_1_5' title="bbox 527 861 1608 1006">
     <span class='ocr_line' id='line_1_7' title="bbox 527 861 1608 934; baseline 0.002 -20"><span class='ocrx_word' id='word_1_28' title='bbox 527 861 823 930; x_wconf 58' lang='grc' dir='ltr'>ἽἺγιαίνειν</span> <span class='ocrx_word' id='word_1_29' title='bbox 850 862 948 931; x_wconf 86' lang='grc' dir='ltr'>μὲν</span> <span class='ocrx_word' id='word_1_30' title='bbox 975 862 1202 930; x_wconf 81' lang='grc' dir='ltr'>ἄριστον</span> <span class='ocrx_word' id='word_1_31' title='bbox 1231 862 1384 933; x_wconf 82' lang='grc' dir='ltr'>ἀνδρὶ</span> <span class='ocrx_word' id='word_1_32' title='bbox 1412 863 1608 934; x_wconf 82' lang='grc' dir='ltr'>θνατῷ,</span> 
     </span>
     <span class='ocr_line' id='line_1_8' title="bbox 534 934 1540 1006; baseline 0.001 -18"><span class='ocrx_word' id='word_1_33' title='bbox 534 934 781 1006; x_wconf 84' lang='grc' dir='ltr'>δεύτερον</span> <span class='ocrx_word' id='word_1_34' title='bbox 809 935 864 988; x_wconf 84' lang='grc' dir='ltr'>δὲ</span> <span class='ocrx_word' id='word_1_35' title='bbox 891 935 1066 990; x_wconf 86' lang='grc' dir='ltr'>καλὸν</span> <span class='ocrx_word' id='word_1_36' title='bbox 1093 935 1239 1006; x_wconf 84' lang='grc' dir='ltr'>φυὰν</span> <span class='ocrx_word' id='word_1_37' title='bbox 1265 935 1540 1004; x_wconf 78' lang='grc' dir='ltr'>Ὑενέσθαι,</span> 
     </span>
    </p>

    <p class='ocr_par' dir='ltr' id='par_1_6' title="bbox 528 1007 1433 1076">
     <span class='ocr_line' id='line_1_9' title="bbox 528 1007 1433 1076; baseline 0 -15"><span class='ocrx_word' id='word_1_38' title='bbox 528 1008 591 1062; x_wconf 87' lang='grc' dir='ltr'>τὸ</span> <span class='ocrx_word' id='word_1_39' title='bbox 617 1007 799 1076; x_wconf 89' lang='grc' dir='ltr'>τρίτον</span> <span class='ocrx_word' id='word_1_40' title='bbox 829 1008 884 1062; x_wconf 81' lang='grc' dir='ltr'>δὲ</span> <span class='ocrx_word' id='word_1_41' title='bbox 910 1013 1176 1062; x_wconf 81' lang='grc' dir='ltr'>πλουτεῖν</span> <span class='ocrx_word' id='word_1_42' title='bbox 1202 1008 1433 1070; x_wconf 80' lang='grc' dir='ltr'>ἀδόλως,</span> 
     </span>
    </p>

    <p class='ocr_par' dir='ltr' id='par_1_7' title="bbox 526 1080 1701 1153">
     <span class='ocr_line' id='line_1_10' title="bbox 526 1080 1701 1153; baseline 0.003 -19"><span class='ocrx_word' id='word_1_43' title='bbox 526 1081 618 1135; x_wconf 86' lang='grc' dir='ltr'>καὶ</span> <span class='ocrx_word' id='word_1_44' title='bbox 646 1080 708 1135; x_wconf 85' lang='grc' dir='ltr'>τὸ</span> <span class='ocrx_word' id='word_1_45' title='bbox 737 1081 1001 1152; x_wconf 86' lang='grc' dir='ltr'>τέταρτον</span> <span class='ocrx_word' id='word_1_46' title='bbox 1027 1083 1177 1148; x_wconf 82' lang='grc' dir='ltr'>ἡβᾶν</span> <span class='ocrx_word' id='word_1_47' title='bbox 1203 1081 1341 1148; x_wconf 82' lang='grc' dir='ltr'>μετὰ</span> <span class='ocrx_word' id='word_1_48' title='bbox 1370 1085 1476 1135; x_wconf 84' lang='grc' dir='ltr'>τῶν</span> <span class='ocrx_word' id='word_1_49' title='bbox 1503 1080 1701 1153; x_wconf 84' lang='grc' dir='ltr'>φίλων.</span> 
     </span>
    </p>
   </div>
   <div class='ocr_carea' id='block_1_6' title="bbox 301 1194 1811 1691">
    <p class='ocr_par' dir='ltr' id='par_1_8' title="bbox 301 1194 1811 1691">
     <span class='ocr_line' id='line_1_11' title="bbox 303 1194 1811 1248; baseline 0.003 -14"><span class='ocrx_word' id='word_1_50' title='bbox 303 1194 499 1248; x_wconf 77' lang='grc' dir='ltr'>ᾀσθέντος</span> <span class='ocrx_word' id='word_1_51' title='bbox 531 1195 572 1235; x_wconf 82' lang='grc' dir='ltr'>δὲ</span> <span class='ocrx_word' id='word_1_52' title='bbox 601 1196 749 1237; x_wconf 80' lang='grc' dir='ltr'>τούτου</span> <span class='ocrx_word' id='word_1_53' title='bbox 779 1198 842 1236; x_wconf 79' lang='grc' dir='ltr'>καὶ</span> <span class='ocrx_word' id='word_1_54' title='bbox 873 1196 1036 1237; x_wconf 77' lang='grc' dir='ltr'>πάντων</span> <span class='ocrx_word' id='word_1_55' title='bbox 1065 1196 1271 1245; x_wconf 77' lang='grc' dir='ltr'>ἡσθέντων</span> <span class='ocrx_word' id='word_1_56' title='bbox 1295 1197 1357 1236; x_wconf 82' lang='grc' dir='ltr'>ἐπ’</span> <span class='ocrx_word' id='word_1_57' title='bbox 1381 1199 1486 1247; x_wconf 78' lang='grc' dir='ltr'>αὐτῷ</span> <span class='ocrx_word' id='word_1_58' title='bbox 1508 1198 1571 1237; x_wconf 83' lang='grc' dir='ltr'>καὶ</span> <span class='ocrx_word' id='word_1_59' title='bbox 1592 1214 1811 1248; x_wconf 81' lang='grc' dir='ltr'>μνημονευ-</span> 
     </span>
     <span class='ocr_line' id='line_1_12' title="bbox 306 1250 1811 1306; baseline 0.001 -15"><span class='ocrx_word' id='word_1_60' title='bbox 306 1250 465 1291; x_wconf 80' lang='grc' dir='ltr'>σάντων</span> <span class='ocrx_word' id='word_1_61' title='bbox 496 1253 558 1291; x_wconf 86' lang='grc' dir='ltr'>ὅτι</span> <span class='ocrx_word' id='word_1_62' title='bbox 580 1253 642 1291; x_wconf 83' lang='grc' dir='ltr'>καὶ</span> <span class='ocrx_word' id='word_1_63' title='bbox 667 1255 686 1290; x_wconf 87' lang='grc' dir='ltr'>ὁ</span> <span class='ocrx_word' id='word_1_64' title='bbox 709 1256 836 1293; x_wconf 77' lang='grc' dir='ltr'>καλὸς</span> <span class='ocrx_word' id='word_1_65' title='bbox 858 1252 1034 1293; x_wconf 82' lang='grc' dir='ltr'>Πλάτων</span> <span class='ocrx_word' id='word_1_66' title='bbox 1069 1255 1192 1292; x_wconf 85' lang='grc' dir='ltr'>αὐτοῦ</span> <span class='ocrx_word' id='word_1_67' title='bbox 1221 1252 1420 1302; x_wconf 86' lang='grc' dir='ltr'>μέμνηται</span> <span class='ocrx_word' id='word_1_68' title='bbox 1451 1255 1502 1293; x_wconf 80' lang='grc' dir='ltr'>ὡς</span> <span class='ocrx_word' id='word_1_69' title='bbox 1532 1253 1677 1306; x_wconf 81' lang='grc' dir='ltr'>ἄριστα</span> <span class='ocrx_word' id='word_1_70' title='bbox 1707 1255 1811 1305; x_wconf 82' lang='grc' dir='ltr'>εἷρη·</span> 
     </span>
     <span class='ocr_line' id='line_1_13' title="bbox 303 1305 1810 1360; baseline 0.003 -15"><span class='ocrx_word' id='word_1_71' title='bbox 303 1305 436 1356; x_wconf 82' lang='grc' dir='ltr'>μένου,</span> <span class='ocrx_word' id='word_1_72' title='bbox 477 1309 496 1345; x_wconf 85' lang='grc' dir='ltr'>ὁ</span> <span class='ocrx_word' id='word_1_73' title='bbox 534 1307 737 1359; x_wconf 84' lang='grc' dir='ltr'>Μυρτίλος</span> <span class='ocrx_word' id='word_1_74' title='bbox 773 1308 851 1359; x_wconf 85' lang='grc' dir='ltr'>ἔφη</span> <span class='ocrx_word' id='word_1_75' title='bbox 887 1308 1191 1360; x_wconf 79' lang='grc' dir='ltr'>Ἀναξανδρίδην</span> <span class='ocrx_word' id='word_1_76' title='bbox 1220 1309 1318 1348; x_wconf 82' lang='grc' dir='ltr'>αὐτὸ</span> <span class='ocrx_word' id='word_1_77' title='bbox 1350 1311 1706 1358; x_wconf 84' lang='grc' dir='ltr'>διακεχλευακέναι</span> <span class='ocrx_word' id='word_1_78' title='bbox 1738 1311 1810 1350; x_wconf 83' lang='grc' dir='ltr'>τὸν</span> 
     </span>
     <span class='ocr_line' id='line_1_14' title="bbox 304 1363 1811 1416; baseline 0.003 -15"><span class='ocrx_word' id='word_1_79' title='bbox 304 1363 598 1413; x_wconf 80' lang='grc' dir='ltr'>κωμῳδιοποιὸν</span> <span class='ocrx_word' id='word_1_80' title='bbox 633 1366 676 1402; x_wconf 85' lang='grc' dir='ltr'>ἐν</span> <span class='ocrx_word' id='word_1_81' title='bbox 709 1368 902 1416; x_wconf 78' lang='grc' dir='ltr'>Θησαυρῷ</span> <span class='ocrx_word' id='word_1_82' title='bbox 931 1364 1111 1416; x_wconf 80' lang='grc' dir='ltr'>λέγοντα</span> <span class='ocrx_word' id='word_1_83' title='bbox 1145 1367 1284 1405; x_wconf 78' lang='grc' dir='ltr'>οὕτως·</span> <span class='ocrx_word' id='word_1_84' title='bbox 1322 1363 1391 1404; x_wconf 82' lang='lat' dir='ltr'>“O</span> <span class='ocrx_word' id='word_1_85' title='bbox 1411 1365 1460 1404; x_wconf 81' lang='grc' dir='ltr'>τὸ</span> <span class='ocrx_word' id='word_1_86' title='bbox 1491 1363 1659 1405; x_wconf 85' lang='grc' dir='ltr'>σκόλιον</span> <span class='ocrx_word' id='word_1_87' title='bbox 1689 1365 1811 1416; x_wconf 81' lang='grc' dir='ltr'>εὑρὼν</span> 
     </span>
     <span class='ocr_line' id='line_1_15' title="bbox 303 1417 1804 1472; baseline 0.003 -16"><span class='ocrx_word' id='word_1_88' title='bbox 303 1419 467 1466; x_wconf 79' lang='grc' dir='ltr'>ἐκεῖνος,</span> <span class='ocrx_word' id='word_1_89' title='bbox 494 1419 605 1459; x_wconf 85' lang='grc' dir='ltr'>ὅστις</span> <span class='ocrx_word' id='word_1_90' title='bbox 627 1418 677 1466; x_wconf 74' lang='grc' dir='ltr'>ἦν</span> <span class='ocrx_word' id='word_1_91' title='bbox 701 1417 705 1469; x_wconf 92' lang='grc' dir='ltr'>Ι</span> <span class='ocrx_word' id='word_1_92' title='bbox 732 1420 781 1458; x_wconf 80' lang='grc' dir='ltr'>τὸ</span> <span class='ocrx_word' id='word_1_93' title='bbox 801 1418 875 1469; x_wconf 85' lang='grc' dir='ltr'>μὲν</span> <span class='ocrx_word' id='word_1_94' title='bbox 897 1420 1089 1470; x_wconf 78' lang='grc' dir='ltr'>ὑγιαίνειν</span> <span class='ocrx_word' id='word_1_95' title='bbox 1108 1424 1266 1472; x_wconf 82' lang='grc' dir='ltr'>πρῶτον</span> <span class='ocrx_word' id='word_1_96' title='bbox 1288 1421 1338 1459; x_wconf 84' lang='grc' dir='ltr'>ὡς</span> <span class='ocrx_word' id='word_1_97' title='bbox 1367 1420 1532 1471; x_wconf 76' lang='grc' dir='ltr'>ἄριστον</span> <span class='ocrx_word' id='word_1_98' title='bbox 1554 1419 1598 1459; x_wconf 81' lang='grc' dir='ltr'>ὄν</span> <span class='ocrx_word' id='word_1_99' title='bbox 1623 1420 1628 1470; x_wconf 91' lang='grc' dir='ltr'>Ι</span> <span class='ocrx_word' id='word_1_100' title='bbox 1655 1420 1804 1471; x_wconf 80' lang='grc' dir='ltr'>ὠνόμα-</span> 
     </span>
     <span class='ocr_line' id='line_1_16' title="bbox 303 1474 1801 1527; baseline 0.002 -15"><span class='ocrx_word' id='word_1_101' title='bbox 303 1490 375 1513; x_wconf 88' lang='grc' dir='ltr'>σεν</span> <span class='ocrx_word' id='word_1_102' title='bbox 410 1474 542 1525; x_wconf 82' lang='grc' dir='ltr'><em>ὀρθῶς·</em></span> <span class='ocrx_word' id='word_1_103' title='bbox 577 1474 761 1525; x_wconf 82' lang='grc' dir='ltr'>δεύτερον</span> <span class='ocrx_word' id='word_1_104' title='bbox 796 1478 829 1514; x_wconf 83' lang='grc' dir='ltr'>δ’</span> <span class='ocrx_word' id='word_1_105' title='bbox 860 1476 959 1515; x_wconf 83' lang='grc' dir='ltr'>εἶναι</span> <span class='ocrx_word' id='word_1_106' title='bbox 995 1475 1137 1522; x_wconf 83' lang='grc' dir='ltr'>καλόν,</span> <span class='ocrx_word' id='word_1_107' title='bbox 1164 1476 1169 1526; x_wconf 88' lang='grc' dir='ltr'>Ι</span> <span class='ocrx_word' id='word_1_108' title='bbox 1195 1475 1332 1527; x_wconf 89' lang='grc' dir='ltr'>τρίτον</span> <span class='ocrx_word' id='word_1_109' title='bbox 1365 1474 1409 1514; x_wconf 83' lang='grc' dir='ltr'>δὲ</span> <span class='ocrx_word' id='word_1_110' title='bbox 1442 1477 1650 1523; x_wconf 82' lang='grc' dir='ltr'>πλουτεῖν,</span> <span class='ocrx_word' id='word_1_111' title='bbox 1680 1478 1801 1525; x_wconf 81' lang='grc' dir='ltr'>τοῦθ’,</span> 
     </span>
     <span class='ocr_line' id='line_1_17' title="bbox 303 1528 1806 1586; baseline 0.003 -19"><span class='ocrx_word' id='word_1_112' title='bbox 303 1532 409 1580; x_wconf 74' lang='grc' dir='ltr'>ὁρᾷς,</span> <span class='ocrx_word' id='word_1_113' title='bbox 429 1529 623 1579; x_wconf 82' lang='grc' dir='ltr'>ἐμαίνετο·</span> <span class='ocrx_word' id='word_1_114' title='bbox 653 1529 657 1581; x_wconf 95' lang='grc' dir='ltr'>Ι</span> <span class='ocrx_word' id='word_1_115' title='bbox 683 1530 786 1579; x_wconf 84' lang='grc' dir='ltr'>μετὰ</span> <span class='ocrx_word' id='word_1_116' title='bbox 802 1532 878 1578; x_wconf 83' lang='grc' dir='ltr'>τὴν</span> <span class='ocrx_word' id='word_1_117' title='bbox 897 1530 1047 1581; x_wconf 77' lang='grc' dir='ltr'>ὑγίειαν</span> <span class='ocrx_word' id='word_1_118' title='bbox 1062 1532 1141 1583; x_wconf 76' lang='grc' dir='ltr'>’γὰρ</span> <span class='ocrx_word' id='word_1_119' title='bbox 1161 1532 1209 1571; x_wconf 81' lang='grc' dir='ltr'>τὸ</span> <span class='ocrx_word' id='word_1_120' title='bbox 1229 1533 1425 1571; x_wconf 82' lang='grc' dir='ltr'>πλουτεῖν</span> <span class='ocrx_word' id='word_1_121' title='bbox 1445 1531 1635 1583; x_wconf 87' lang='grc' dir='ltr'>διαφέρει·</span> <span class='ocrx_word' id='word_1_122' title='bbox 1655 1528 1662 1586; x_wconf 91' lang='grc' dir='ltr'>Ι</span> <span class='ocrx_word' id='word_1_123' title='bbox 1681 1532 1806 1572; x_wconf 83' lang='grc' dir='ltr'>καλὸς</span> 
     </span>
     <span class='ocr_line' id='line_1_18' title="bbox 301 1583 1022 1638; baseline 0.006 -15"><span class='ocrx_word' id='word_1_124' title='bbox 301 1583 343 1623; x_wconf 83' lang='grc' dir='ltr'>δὲ</span> <span class='ocrx_word' id='word_1_125' title='bbox 365 1589 508 1624; x_wconf 81' lang='grc' dir='ltr'>πεινῶν</span> <span class='ocrx_word' id='word_1_126' title='bbox 529 1585 643 1625; x_wconf 83' lang='grc' dir='ltr'>ἐστὶν</span> <span class='ocrx_word' id='word_1_127' title='bbox 663 1586 839 1637; x_wconf 79' lang='grc' dir='ltr'>αἰσχρὸν</span> <span class='ocrx_word' id='word_1_128' title='bbox 860 1586 1022 1638; x_wconf 74' lang='grc' dir='ltr'>θηριόν.’</span> 
     </span>
     <span class='ocr_line' id='line_1_19' title="bbox 356 1640 896 1691; baseline 0.004 -13"><span class='ocrx_word' id='word_1_129' title='bbox 356 1641 447 1691; x_wconf 83' lang='grc' dir='ltr'>ἑξῆς</span> <span class='ocrx_word' id='word_1_130' title='bbox 469 1642 499 1679; x_wconf 83' lang='grc' dir='ltr'>δ’</span> <span class='ocrx_word' id='word_1_131' title='bbox 524 1640 679 1691; x_wconf 85' lang='grc' dir='ltr'>ἐλέχθη</span> <span class='ocrx_word' id='word_1_132' title='bbox 702 1642 764 1680; x_wconf 84' lang='grc' dir='ltr'>καὶ</span> <span class='ocrx_word' id='word_1_133' title='bbox 786 1640 896 1681; x_wconf 78' lang='grc' dir='ltr'>τάδε·</span> 
     </span>
    </p>
   </div>
   <div class='ocr_carea' id='block_1_7' title="bbox 785 1761 1312 1811">
    <p class='ocr_par' dir='ltr' id='par_1_9' title="bbox 785 1761 1312 1811">
     <span class='ocr_line' id='line_1_20' title="bbox 785 1761 1312 1811; baseline -0.002 -4"><span class='ocrx_word' id='word_1_134' title='bbox 785 1761 816 1807; x_wconf 85' lang='grc'>8</span> <span class='ocrx_word' id='word_1_135' title='bbox 885 1761 966 1811; x_wconf 84' lang='grc' dir='ltr'>ΩΣ</span> <span class='ocrx_word' id='word_1_136' title='bbox 1015 1762 1312 1806; x_wconf 89' lang='grc' dir='ltr'><strong>ΑΛΚΑΙΟΥ</strong></span> 
     </span>
    </p>
   </div>
   <div class='ocr_carea' id='block_1_8' title="bbox 290 1854 1797 2408">
    <p class='ocr_par' dir='ltr' id='par_1_10' title="bbox 290 1854 1797 2408">
     <span class='ocr_line' id='line_1_21' title="bbox 760 1854 1593 1929; baseline -0.004 -17"><span class='ocrx_word' id='word_1_137' title='bbox 760 1898 771 1912; x_wconf 91' lang='grc'><strong>.</strong></span> <span class='ocrx_word' id='word_1_138' title='bbox 812 1858 872 1910; x_wconf 88' lang='grc' dir='ltr'>ἐκ</span> <span class='ocrx_word' id='word_1_139' title='bbox 898 1862 995 1925; x_wconf 57' lang='grc' dir='ltr'>«γῆς</span> <span class='ocrx_word' id='word_1_140' title='bbox 1024 1856 1132 1929; x_wconf 80' lang='grc' dir='ltr'>χρὴ</span> <span class='ocrx_word' id='word_1_141' title='bbox 1161 1855 1389 1922; x_wconf 81' lang='grc' dir='ltr'>κατίδην</span> <span class='ocrx_word' id='word_1_142' title='bbox 1415 1854 1593 1910; x_wconf 81' lang='grc' dir='ltr'>πλόον</span> 
     </span>
     <span class='ocr_line' id='line_1_22' title="bbox 586 1929 1565 2001; baseline -0.001 -18"><span class='ocrx_word' id='word_1_143' title='bbox 586 1931 635 1983; x_wconf 85' lang='grc' dir='ltr'>εἴ</span> <span class='ocrx_word' id='word_1_144' title='bbox 658 1953 738 1988; x_wconf 77' lang='grc' dir='ltr'>τις</span> <span class='ocrx_word' id='word_1_145' title='bbox 766 1929 987 1984; x_wconf 86' lang='grc' dir='ltr'>δύναιτο</span> <span class='ocrx_word' id='word_1_146' title='bbox 1014 1931 1106 1984; x_wconf 87' lang='grc' dir='ltr'>καὶ</span> <span class='ocrx_word' id='word_1_147' title='bbox 1133 1929 1401 1998; x_wconf 81' lang='grc' dir='ltr'>παλάμην</span> <span class='ocrx_word' id='word_1_148' title='bbox 1429 1929 1565 2001; x_wconf 79' lang='grc' dir='ltr'>ἔχοι,</span> 
     </span>
     <span class='ocr_line' id='line_1_23' title="bbox 587 2001 1406 2073; baseline -0.001 -18"><span class='ocrx_word' id='word_1_149' title='bbox 587 2003 706 2057; x_wconf 88' lang='grc' dir='ltr'>ἐπεὶ</span> <span class='ocrx_word' id='word_1_150' title='bbox 735 2002 791 2056; x_wconf 87' lang='grc' dir='ltr'>δέ</span> <span class='ocrx_word' id='word_1_151' title='bbox 817 2005 863 2056; x_wconf 83' lang='grc' dir='ltr'>κ’</span> <span class='ocrx_word' id='word_1_152' title='bbox 892 2004 945 2056; x_wconf 82' lang='grc' dir='ltr'>ἐν</span> <span class='ocrx_word' id='word_1_153' title='bbox 974 2001 1157 2073; x_wconf 85' lang='grc' dir='ltr'>πόντῳ</span> <span class='ocrx_word' id='word_1_154' title='bbox 1183 2001 1406 2070; x_wconf 63' lang='grc' dir='ltr'>*γένηται</span> 
     </span>
     <span class='ocr_line' id='line_1_24' title="bbox 587 2075 1474 2147; baseline -0.002 -17"><span class='ocrx_word' id='word_1_155' title='bbox 587 2081 662 2147; x_wconf 83' lang='grc' dir='ltr'>τῷ</span> <span class='ocrx_word' id='word_1_156' title='bbox 689 2075 950 2147; x_wconf 86' lang='grc' dir='ltr'>παρεόντι</span> <span class='ocrx_word' id='word_1_157' title='bbox 976 2076 1190 2146; x_wconf 85' lang='grc' dir='ltr'>τρέχειν</span> <span class='ocrx_word' id='word_1_158' title='bbox 1216 2075 1474 2143; x_wconf 58' lang='grc' dir='ltr'>ἀνάγκη.1</span> 
     </span>
     <span class='ocr_line' id='line_1_25' title="bbox 353 2187 1796 2244; baseline 0 -15"><span class='ocrx_word' id='word_1_159' title='bbox 353 2187 368 2212; x_wconf 85' lang='lat'>¹</span> <span class='ocrx_word' id='word_1_160' title='bbox 398 2189 473 2229; x_wconf 82' lang='lat' dir='ltr'>the</span> <span class='ocrx_word' id='word_1_161' title='bbox 507 2191 707 2244; x_wconf 81' lang='lat' dir='ltr'>original,</span> <span class='ocrx_word' id='word_1_162' title='bbox 742 2190 865 2243; x_wconf 83' lang='lat' dir='ltr'><strong>prob.</strong></span> <span class='ocrx_word' id='word_1_163' title='bbox 899 2191 1100 2240; x_wconf 83' lang='lat' dir='ltr'>Alcaeus,</span> <span class='ocrx_word' id='word_1_164' title='bbox 1135 2189 1282 2229; x_wconf 90' lang='lat' dir='ltr'>would</span> <span class='ocrx_word' id='word_1_165' title='bbox 1309 2203 1392 2230; x_wconf 87' lang='lat' dir='ltr'>run</span> <span class='ocrx_word' id='word_1_166' title='bbox 1426 2192 1508 2242; x_wconf 82' lang='grc' dir='ltr'>χρῆ</span> <span class='ocrx_word' id='word_1_167' title='bbox 1537 2189 1612 2239; x_wconf 86' lang='grc' dir='ltr'>μὲν</span> <span class='ocrx_word' id='word_1_168' title='bbox 1639 2190 1719 2242; x_wconf 81' lang='grc' dir='ltr'>γὰρ</span> <span class='ocrx_word' id='word_1_169' title='bbox 1751 2192 1796 2229; x_wconf 81' lang='grc' dir='ltr'>ἐκ</span> 
     </span>
     <span class='ocr_line' id='line_1_26' title="bbox 290 2244 1797 2297; baseline 0.001 -14"><span class='ocrx_word' id='word_1_170' title='bbox 290 2244 407 2294; x_wconf 77' lang='grc' dir='ltr'>’γαίας</span> <span class='ocrx_word' id='word_1_171' title='bbox 429 2245 596 2293; x_wconf 80' lang='grc' dir='ltr'>κατίδην</span> <span class='ocrx_word' id='word_1_172' title='bbox 614 2246 744 2287; x_wconf 88' lang='grc' dir='ltr'>πλόον</span> <span class='ocrx_word' id='word_1_173' title='bbox 768 2247 773 2297; x_wconf 95' lang='grc' dir='ltr'>Ι</span> <span class='ocrx_word' id='word_1_174' title='bbox 801 2249 844 2285; x_wconf 80' lang='grc' dir='ltr'>αἴ</span> <span class='ocrx_word' id='word_1_175' title='bbox 860 2263 922 2287; x_wconf 86' lang='grc' dir='ltr'>τις</span> <span class='ocrx_word' id='word_1_176' title='bbox 949 2245 1107 2286; x_wconf 81' lang='grc' dir='ltr'>δύναιτο</span> <span class='ocrx_word' id='word_1_177' title='bbox 1127 2245 1191 2285; x_wconf 80' lang='grc' dir='ltr'>καὶ</span> <span class='ocrx_word' id='word_1_178' title='bbox 1211 2245 1404 2295; x_wconf 82' lang='grc' dir='ltr'>παλάμαν</span> <span class='ocrx_word' id='word_1_179' title='bbox 1424 2245 1528 2297; x_wconf 79' lang='grc' dir='ltr'>ἔχοι·</span> <span class='ocrx_word' id='word_1_180' title='bbox 1559 2244 1564 2295; x_wconf 84' lang='grc' dir='ltr'>Ι</span> <span class='ocrx_word' id='word_1_181' title='bbox 1591 2245 1674 2284; x_wconf 74' lang='grc' dir='ltr'>ἐπεὶ</span> <span class='ocrx_word' id='word_1_182' title='bbox 1697 2245 1744 2286; x_wconf 88' lang='grc' dir='ltr'>δέ</span> <span class='ocrx_word' id='word_1_183' title='bbox 1761 2246 1797 2284; x_wconf 85' lang='grc' dir='ltr'>κ’</span> 
     </span>
     <span class='ocr_line' id='line_1_27' title="bbox 291 2299 1795 2353; baseline 0.003 -15"><span class='ocrx_word' id='word_1_184' title='bbox 291 2302 334 2339; x_wconf 88' lang='grc' dir='ltr'>ἐν</span> <span class='ocrx_word' id='word_1_185' title='bbox 354 2299 488 2350; x_wconf 83' lang='grc' dir='ltr'>πόντῳ</span> <span class='ocrx_word' id='word_1_186' title='bbox 509 2302 676 2351; x_wconf 81' lang='grc' dir='ltr'>γένηται</span> <span class='ocrx_word' id='word_1_187' title='bbox 697 2305 754 2351; x_wconf 78' lang='grc' dir='ltr'>τῷ</span> <span class='ocrx_word' id='word_1_188' title='bbox 775 2302 962 2352; x_wconf 87' lang='grc' dir='ltr'>παρέοντι</span> <span class='ocrx_word' id='word_1_189' title='bbox 982 2301 1138 2353; x_wconf 87' lang='grc' dir='ltr'>τρέχην</span> <span class='ocrx_word' id='word_1_190' title='bbox 1157 2299 1315 2351; x_wconf 80' lang='grc' dir='ltr'>ἆνάγκα</span> <span class='ocrx_word' id='word_1_191' title='bbox 1538 2299 1606 2339; x_wconf 84' lang='lat' dir='ltr'>for</span> <span class='ocrx_word' id='word_1_192' title='bbox 1627 2300 1795 2350; x_wconf 80' lang='grc' dir='ltr'>(ἀνέμῳ)</span> 
     </span>
     <span class='ocr_line' id='line_1_28' title="bbox 290 2353 1795 2408; baseline -0.001 -13"><span class='ocrx_word' id='word_1_193' title='bbox 290 2355 457 2406; x_wconf 85' lang='grc' dir='ltr'>τρέχειν</span> <span class='ocrx_word' id='word_1_194' title='bbox 477 2356 529 2397; x_wconf 82' lang='lat' dir='ltr'>ef.</span> <span class='ocrx_word' id='word_1_195' title='bbox 557 2357 611 2397; x_wconf 81' lang='grc' dir='ltr'>Η.</span> <span class='ocrx_word' id='word_1_196' title='bbox 642 2357 701 2397; x_wconf 80' lang='grc'>12.</span> <span class='ocrx_word' id='word_1_197' title='bbox 729 2357 822 2404; x_wconf 79' lang='lat'>207,</span> <span class='ocrx_word' id='word_1_198' title='bbox 847 2356 1037 2408; x_wconf 84' lang='lat' dir='ltr'>Theogn.</span> <span class='ocrx_word' id='word_1_199' title='bbox 1065 2357 1157 2404; x_wconf 86' lang='lat'><strong>856,</strong></span> <span class='ocrx_word' id='word_1_200' title='bbox 1184 2354 1314 2407; x_wconf 85' lang='lat' dir='ltr'><strong>Soph.</strong></span> <span class='ocrx_word' id='word_1_201' title='bbox 1340 2355 1418 2395; x_wconf 69' lang='lat' dir='ltr'>Ai.</span> <span class='ocrx_word' id='word_1_202' title='bbox 1458 2354 1591 2396; x_wconf 84' lang='lat'>1083:</span> <span class='ocrx_word' id='word_1_203' title='bbox 1622 2353 1795 2406; x_wconf 82' lang='lat' dir='ltr'><strong>Tyrrell</strong></span> 
     </span>
    </p>
   </div>
   <div class='ocr_carea' id='block_1_9' title="bbox 288 2408 1794 2518">
    <p class='ocr_par' dir='ltr' id='par_1_11' title="bbox 288 2408 1794 2518">
     <span class='ocr_line' id='line_1_29' title="bbox 288 2408 1794 2464; baseline -0.001 -14"><span class='ocrx_word' id='word_1_204' title='bbox 288 2409 479 2462; x_wconf 84' lang='grc' dir='ltr'>παράεντι</span> <span class='ocrx_word' id='word_1_205' title='bbox 508 2410 630 2463; x_wconf 85' lang='lat' dir='ltr'><strong>perh.</strong></span> <span class='ocrx_word' id='word_1_206' title='bbox 667 2411 863 2464; x_wconf 76' lang='lat' dir='ltr'>rightly:</span> <span class='ocrx_word' id='word_1_207' title='bbox 895 2413 933 2451; x_wconf 89' lang='lat' dir='ltr'><em>B</em></span> <span class='ocrx_word' id='word_1_208' title='bbox 961 2424 1082 2464; x_wconf 84' lang='lat' dir='ltr'>sugg.</span> <span class='ocrx_word' id='word_1_209' title='bbox 1117 2411 1277 2462; x_wconf 71' lang='grc' dir='ltr'>χρέεσθ’</span> <span class='ocrx_word' id='word_1_210' title='bbox 1313 2410 1481 2459; x_wconf 75' lang='lat' dir='ltr'>(rather</span> <span class='ocrx_word' id='word_1_211' title='bbox 1509 2408 1697 2462; x_wconf 72' lang='grc' dir='ltr'>χράεσθ’)</span> <span class='ocrx_word' id='word_1_212' title='bbox 1726 2409 1794 2449; x_wconf 84' lang='lat' dir='ltr'>for</span> 
     </span>
     <span class='ocr_line' id='line_1_30' title="bbox 288 2465 1276 2518; baseline -0.001 -13"><span class='ocrx_word' id='word_1_213' title='bbox 288 2467 466 2518; x_wconf 85' lang='grc' dir='ltr'>τρέχειν,</span> <span class='ocrx_word' id='word_1_214' title='bbox 493 2465 548 2505; x_wconf 85' lang='lat' dir='ltr'>ef.</span> <span class='ocrx_word' id='word_1_215' title='bbox 570 2465 688 2506; x_wconf 71' lang='lat' dir='ltr'>Plut.</span> <span class='ocrx_word' id='word_1_216' title='bbox 716 2465 834 2505; x_wconf 82' lang='lat' dir='ltr'>cited</span> <span class='ocrx_word' id='word_1_217' title='bbox 855 2467 1007 2516; x_wconf 77' lang='lat' dir='ltr'><em>Adesp.</em></span> <span class='ocrx_word' id='word_1_218' title='bbox 1038 2467 1113 2505; x_wconf 85' lang='lat'>115</span> <span class='ocrx_word' id='word_1_219' title='bbox 1134 2465 1276 2505; x_wconf 87' lang='lat' dir='ltr'><strong>below</strong></span> 
     </span>
    </p>
   </div>
   <div class='ocr_carea' id='block_1_10' title="bbox 289 2573 1792 2683">
    <p class='ocr_par' dir='ltr' id='par_1_12' title="bbox 289 2573 1792 2683">
     <span class='ocr_line' id='line_1_31' title="bbox 345 2573 1792 2627; baseline -0.001 -13"><span class='ocrx_word' id='word_1_220' title='bbox 345 2575 362 2600; x_wconf 87' lang='lat'>²</span> <span class='ocrx_word' id='word_1_221' title='bbox 391 2576 444 2615; x_wconf 78' lang='lat' dir='ltr'>cf.</span> <span class='ocrx_word' id='word_1_222' title='bbox 472 2576 597 2616; x_wconf 79' lang='lat' dir='ltr'><strong>Eust.</strong></span> <span class='ocrx_word' id='word_1_223' title='bbox 626 2577 741 2617; x_wconf 86' lang='lat'><strong>1574.</strong></span> <span class='ocrx_word' id='word_1_224' title='bbox 773 2578 834 2627; x_wconf 87' lang='lat'>18,</span> <span class='ocrx_word' id='word_1_225' title='bbox 861 2575 991 2615; x_wconf 78' lang='lat' dir='ltr'>‘This</span> <span class='ocrx_word' id='word_1_226' title='bbox 1020 2575 1184 2614; x_wconf 83' lang='lat' dir='ltr'>soolion</span> <span class='ocrx_word' id='word_1_227' title='bbox 1215 2588 1356 2614; x_wconf 79' lang='lat' dir='ltr'>comes</span> <span class='ocrx_word' id='word_1_228' title='bbox 1386 2573 1495 2613; x_wconf 83' lang='lat' dir='ltr'>from</span> <span class='ocrx_word' id='word_1_229' title='bbox 1527 2587 1553 2613; x_wconf 88' lang='lat' dir='ltr'>a.</span> <span class='ocrx_word' id='word_1_230' title='bbox 1582 2573 1717 2613; x_wconf 76' lang='lat' dir='ltr'><strong>Fable</strong></span> <span class='ocrx_word' id='word_1_231' title='bbox 1746 2573 1792 2613; x_wconf 78' lang='lat' dir='ltr'>of</span> 
     </span>
     <span class='ocr_line' id='line_1_32' title="bbox 289 2627 1792 2683; baseline -0.001 -13"><span class='ocrx_word' id='word_1_232' title='bbox 289 2631 448 2683; x_wconf 83' lang='lat' dir='ltr'>Aesop‚</span> <span class='ocrx_word' id='word_1_233' title='bbox 473 2631 516 2670; x_wconf 89' lang='lat' dir='ltr'>in</span> <span class='ocrx_word' id='word_1_234' title='bbox 537 2630 680 2670; x_wconf 87' lang='lat' dir='ltr'><strong>which</strong></span> <span class='ocrx_word' id='word_1_235' title='bbox 703 2630 878 2670; x_wconf 81' lang='lat' dir='ltr'>Momus</span> <span class='ocrx_word' id='word_1_236' title='bbox 898 2629 1012 2670; x_wconf 79' lang='lat' dir='ltr'>finds</span> <span class='ocrx_word' id='word_1_237' title='bbox 1032 2629 1147 2670; x_wconf 73' lang='lat' dir='ltr'><strong>fault,</strong></span> <span class='ocrx_word' id='word_1_238' title='bbox 1167 2630 1279 2670; x_wconf 83' lang='lat' dir='ltr'><strong>with</strong></span> <span class='ocrx_word' id='word_1_239' title='bbox 1301 2628 1587 2669; x_wconf 76' lang='lat' dir='ltr'>Prometheus</span> <span class='ocrx_word' id='word_1_240' title='bbox 1608 2627 1792 2668; x_wconf 83' lang='lat' dir='ltr'>because</span> 
     </span>
    </p>
   </div>
   <div class='ocr_carea' id='block_1_11' title="bbox 293 2690 388 2748">
    <p class='ocr_par' dir='ltr' id='par_1_13' title="bbox 293 2690 388 2748">
     <span class='ocr_line' id='line_1_33' title="bbox 293 2690 388 2748; baseline -0.021 0"><span class='ocrx_word' id='word_1_241' title='bbox 293 2690 388 2748; x_wconf 88' lang='lat'>564</span> 
     </span>
    </p>
   </div>
  </div>
 </body>
</html>
