1900 3072
777 219 862 266 LY
874 219 965 266 ΒΑ
1015 218 1294 266 GRAECA

1004 350 1063 397 17

341 438 459 478 Plut.
490 440 603 479 Thes.
632 438 686 476 22
745 438 871 487 θάψας
892 437 935 477 δὲ
955 439 1028 478 τὸν
1046 436 1212 489 πατέρα,
1232 438 1294 486 τῷ
1314 434 1543 476 Ἀπόλλωνι
1563 436 1640 482 τὴν
1660 437 1788 487 εὐχὴν

288 494 472 534 ἀπεδίδου
495 496 545 546 τῇ
570 492 721 546 ἑβδόμῃ
743 496 815 534 τοῦ
837 496 1116 544 Πυανοψιῶνος
1145 494 1268 543 μηνὸς
1299 490 1528 541 ἱσταμένου·
1560 490 1689 544 ταύτῃ
1709 492 1788 544 γὰρ

288 549 495 596 ἀνέβησαν
534 550 588 588 εἰς
628 549 734 588 ἄστυ
773 548 984 589 σωθέντες.
1044 548 1068 596 ἡ
1105 547 1180 598 μὲν
1214 548 1282 588 οὖν
1317 548 1460 599 ἕψησις
1493 550 1575 586 τῶν
1614 546 1789 598 ὀσπρίων

289 605 456 656 λέγεται
486 604 666 655 γίνεσθαι
699 606 760 644 διὰ
792 606 841 644 τὸ
869 603 1070 644 σωθέντας
1102 604 1246 644 αὐτοὺς
1278 604 1333 643 εἰς
1363 603 1489 643 ταύτὸ
1520 605 1708 654 συμμῖξαι
1736 603 1790 642 τὰ

287 659 477 712 περιόντα
496 663 577 699 τῶν
598 659 736 700 σιτίων
766 660 828 698 καὶ
859 659 951 710 μίαν
983 658 1137 710 χύτραν
1167 660 1302 706 κοινὴν
1324 657 1555 709 ἑψήσαντας
1576 672 1788 698 συνεστια-

290 718 403 762 θῆναι
424 717 486 755 καὶ
510 718 847 765 συγκαταφαγεῖν
868 714 1083 761 ἀλλήλοις.
1145 715 1221 760 τὴν
1251 713 1293 753 δὲ
1324 713 1554 765 εἰρεσιώνην
1574 711 1791 765 ἐκφέρουσι

291 770 440 811 κλάδον
472 770 609 810 ἐλαίας
642 771 729 822 ἐρίῳ
761 769 833 819 μὲν
865 770 1127 820 ἐστεμμένον,
1165 771 1299 821 ὥσπερ
1329 768 1427 809 τότε
1460 769 1536 815 τὴν
1570 767 1787 820 ἱκετηρίαν,

289 829 552 866 παντοδαπῶν
572 824 613 864 δὲ
635 825 846 866 ἀνάπλεων
877 824 1169 895 καταργμάτων
1193 825 1254 864 διὰ
1283 826 1331 865 τὸ
1355 828 1472 874 λῆξαι
1500 824 1578 871 τὴν
1605 823 1787 876 ἀφορίαν,

291 882 520 934 ἐπᾳδοντες·
539 882 755 932 Εἶρεσιώνη
773 890 862 920 κτλ.
928 882 1056 921 καίτοι
1071 878 1200 920 ταῦτά
1213 896 1320 920 τινες
1337 882 1399 920 ἐπὶ
1416 881 1503 918 τοῖς
1513 876 1791 930 Ηρακλείδαις

289 937 472 989 ’γίνεσθαι
493 935 687 988 λέγουσιν
709 937 834 976 οὕτως
855 934 1181 988 διατρεφομένοις
1204 936 1278 974 ὑπὸ
1302 939 1384 975 τῶν
1403 933 1630 982 Ἀθηναίων.
1694 935 1730 974 οἱ
1749 931 1793 974 δὲ

291 994 477 1033 πλείονες
500 995 549 1032 ὡς
568 992 810 1044 προείρηται.

346 1070 422 1108 Ar.
447 1068 522 1119 E'q.
552 1069 629 1111 728
686 1067 793 1107 τίνες
815 1067 850 1106 οἱ
871 1071 1073 1114 βοῶντες,·
1107 1068 1177 1106 οὐκ
1199 1066 1306 1106 ἄπιτ’
1327 1066 1405 1106 ἀπὸ
1425 1067 1501 1112 τῆς
1523 1065 1662 1117 θύραςς
1687 1063 1694 1119 l
1719 1065 1796 1112 τὴν

291 1124 521 1176 εἰρεσιώνην
540 1140 614 1174 μου
634 1121 975 1175 κατεσπαράξατε.

348 1200 446 1241 Sch.
472 1201 529 1239 ad
550 1201 620 1239 loc,
682 1199 923 1251 εἰρεσιώνην·
959 1197 1015 1246 (α
1023 1200 1034 1248 )
1058 1196 1207 1238 κλάδος
1229 1197 1366 1237 ελαίας
1388 1195 1507 1249 ἐρίοις
1526 1205 1796 1249 περιπεπλεγ-

292 1254 425 1306 μένοις
446 1253 742 1304 ἀναδεδεμένος.
806 1255 1022 1307 ἐξήρτηντο
1054 1252 1097 1292 δε
1127 1255 1248 1293 αὐτοῦ
1280 1255 1400 1304 ὡραῖα
1427 1250 1558 1292 πάντα
1587 1250 1794 1304 ἀκρόδρυα.

295 1313 369 1362 πρὸ
392 1311 433 1350 δὲ
455 1315 536 1351 τῶν
557 1314 681 1362 θυρῶν
702 1311 865 1351 ἱστᾶσιν
886 1311 1011 1358 αὐτὴν
1033 1307 1159 1349 εἰσέτι
1190 1309 1253 1348 καὶ
1284 1310 1365 1348 νῦν.
1423 1309 1582 1348 ποιοῦσι
1603 1306 1645 1347 δὲ
1674 1309 1797 1348 τοῦτο

297 1368 399 1407 κατὰ
428 1364 603 1406 παλαιόν
622 1383 662 1406 τι
685 1366 946 1418 χρηστήριον.
1011 1366 1048 1404 οἱ
1076 1362 1150 1415 μὲν
1178 1363 1256 1415 ’γάρ
1286 1372 1410 1414 φασιν
1440 1364 1501 1403 ὅτι
1529 1365 1662 1413 λιμοῦ,
1689 1380 1722 1402 οι
1755 1362 1797 1403 δὲ

297 1423 356 1462 ὅτι
379 1422 440 1461 καὶ
465 1423 621 1472 λοιμοῦ,
646 1438 721 1469 την
739 1423 874 1461 πᾶσαν
896 1419 1180 1471 κατασχόντος
1201 1418 1447 1467 οἰκουμένην,
1472 1417 1690 1470 χρωμένων
1709 1417 1800 1458 τίνα

297 1479 343 1517 ἂν
382 1476 531 1529 τρόπον
570 1475 770 1517 παύσαιτο
810 1479 858 1517 τὸ
908 1474 1049 1524 δεινόν,
1092 1477 1169 1522 τὴν
1217 1474 1339 1513 λύσιν
1385 1473 1539 1521 ταύτην
1587 1477 1606 1513 ὁ
1655 1472 1798 1514 Πύθιος

298 1531 586 1583 ἐμαντεύσατο,
633 1533 667 1571 εἰ
713 1532 956 1584 προηρόσιον
997 1530 1094 1582 ὑπὲρ
1142 1528 1328 1569 ἁπάντων
1375 1531 1575 1576 Ἀθηναῖοι
1624 1529 1795 1570 θύσειαν·

298 1593 342 1628 θυ
348 1588 505 1628 γάντων
525 1595 593 1627 οὐν
611 1591 692 1628 τῶν
707 1588 921 1635 Ἀθηναίων
941 1587 989 1626 τὸ
1011 1586 1137 1626 δεινὸν
1159 1584 1375 1625 ἐπαύσατο.
1436 1586 1499 1624 καὶ
1521 1586 1645 1626 οὕτως
1667 1586 1800 1637 ωσπερ

298 1644 562 1696 χαριστήριον
582 1645 618 1682 οἱ
638 1643 896 1694 πανταχόθεν
924 1644 1011 1682 τοῖς
1040 1641 1261 1687 Ἀθηναίοις
1291 1638 1512 1692 ἐξεπεμπον
1539 1644 1622 1680 τῶν
1641 1644 1802 1692 καρπῶν

299 1699 483 1740 ἁπάντων
511 1701 586 1739 τὰς
616 1698 800 1750 ἀπαρχάς
824 1731 833 1740 .
857 1729 866 1738 .
897 1729 904 1738 .
930 1698 1019 1737 ὅθεν
1050 1699 1176 1738 εἰσέτι
1208 1697 1270 1736 καὶ
1305 1698 1384 1746 νῦν,
1422 1696 1580 1736 ἐπειδὰν
1605 1697 1804 1736 ἇνιστῶσι

297 1757 369 1795 τὸν
391 1754 552 1804 κλάδον,
579 1753 751 1805 λέγουσι
770 1756 912 1794 ταῦτα·

373 1829 674 1900 Εἰρεσιώνη
704 1832 849 1882 σῦκα
878 1827 1027 1898 φέρει
1055 1827 1147 1879 καὶ
1176 1825 1367 1883 πίονας
1395 1825 1591 1895 ἄρτους

375 1904 468 1956 καὶ
493 1903 621 1971 μέλι
651 1904 705 1955 ἐν
734 1901 972 1968 κοτύλῃῙ
999 1900 1095 1953 καὶ
1121 1899 1308 1952 ἔλαιον
1335 1898 1804 1969 ἀποψήσασθαι,

377 1977 465 2029 καὶ
494 1974 674 2028 κύλικ’
706 1975 971 2043 εὐζώροιο,
1003 1972 1148 2029 ὅπως
1170 1972 1496 2038 3μεθύουσα
1524 1970 1807 2041 καθεύδῃ.4

303 2070 380 2120 (β)
413 2069 650 2121 Πυανεψίοις
691 2068 753 2108 καὶ
808 2067 1051 2119 Θαργηλίοις
1113 2066 1222 2116 Ηλίῳ
1273 2067 1337 2105 καὶ
1367 2065 1509 2117 “Opous
1549 2063 1807 2117 ἑορτάζουσιν

301 2129 513 2173 Ἀθηναῖοι.
587 2123 757 2175 φέρουσι
788 2122 831 2163 δὲ
862 2125 898 2163 οἱ
927 2125 1063 2162 παῖδες
1097 2123 1192 2162 τοὺς
1223 2122 1399 2162 θαλλοὺς
1432 2121 1547 2173 ἐρίοις
1577 2129 1803 2171 περιειλημ-

301 2198 458 2232 μενους,
501 2181 613 2222 ὅθεν,
631 2182 850 2231 εἰρεσιῶναι
889 2177 1098 2229 λέγονται,
1139 2179 1203 2216 καὶ
1241 2175 1410 2217 τούτους
1447 2177 1523 2229 πρὸ
1561 2179 1645 2216 τῶν
1682 2179 1807 2227 θυρῶν

305 2240 512 2289 κρεμῶσιν.
578 2235 798 2287 ἐξήρτηντο
819 2233 862 2273 δὲ
883 2238 964 2274 τῶν
985 2236 1148 2272 θαλλῶν
1169 2234 1208 2272 αἱ
1229 2230 1333 2283 ὡραι.

360 2342 376 2367 ²
408 2343 552 2390 Eust„
578 2342 646 2381 Et.
678 2342 760 2381 Vct.
784 2339 951 2391 μέλιτος
973 2339 1153 2386 κοτύλην
1353 2337 1369 2361 ²
1398 2337 1515 2377 Plut.
1542 2337 1677 2378 Clem.
1702 2335 1802 2376 Sch.

305 2396 913 2447 ἀναψ.,Ει18ῖ.ἐπικρήσασθαι
1024 2395 1040 2418 ³
1070 2394 1186 2433 Plut.
1215 2392 1351 2434 Clem.
1372 2392 1469 2433 Sch.
1495 2391 1619 2433 Suid.
1640 2389 1809 2442 ευζωρον

304 2453 391 2492 and
425 2455 473 2492 ὡς
506 2452 553 2491 ἄν
585 2451 721 2499 (Plut.
758 2450 925 2500 Sch.),‘
919 2452 980 2490 ι’να
1011 2449 1075 2489 καί
1104 2448 1189 2498 (Εἰ.
1202 2450 1228 2496 ),
1258 2449 1362 2488 ὅπως
1395 2447 1527 2488 Clem.
1564 2445 1684 2488 Suid.
1694 2477 1703 2494 ‚
1741 2447 1808 2486 ’ἶνα

306 2508 431 2547 Eust.
550 2507 565 2530 ⁴
597 2505 736 2553 Suid„
759 2505 855 2546 Sch.
883 2506 960 2544 Ar.
983 2506 1098 2545 Plut.
1123 2506 1210 2555 -δῃς

363 2616 379 2641 ¹
408 2616 519 2655 from
541 2615 682 2665 Crete,
710 2615 854 2654 where
875 2615 928 2653 he
949 2613 1035 2653 had
1056 2613 1166 2652 slain
1190 2612 1265 2652 the
1286 2611 1515 2650 Minotaur
1665 2609 1681 2634 ²
1710 2609 1807 2649 who

305 2670 441 2710 sailed
463 2670 573 2710 with
594 2670 641 2711 T.
795 2670 810 2693 ³
841 2668 989 2708 before
1010 2668 1064 2708 he
1085 2672 1152 2707 set
1173 2671 1251 2706 out
1271 2665 1339 2706 for
1355 2665 1485 2707 Crete
1635 2664 1653 2690 ⁴
1684 2663 1808 2704 these

311 2763 405 2810 520
