<?xml version="1.0" encoding="UTF-8"?>
<!DOCTYPE html PUBLIC "-//W3C//DTD XHTML 1.0 Transitional//EN"
    "http://www.w3.org/TR/xhtml1/DTD/xhtml1-transitional.dtd">
<html xmlns="http://www.w3.org/1999/xhtml" xml:lang="en" lang="en">
 <head>
  <title>
</title>
<meta http-equiv="Content-Type" content="text/html;charset=utf-8" />
  <meta name='ocr-system' content='tesseract 3.04.00' />
  <meta name='ocr-capabilities' content='ocr_page ocr_carea ocr_par ocr_line ocrx_word'/>
</head>
<body>
  <div class='ocr_page' id='page_1' title='image "./lyragraecabeingr03edmouoft_0170.png"; bbox 0 0 1900 3072; ppageno 0'>
   <div class='ocr_carea' id='block_1_1' title="bbox 700 219 1214 268">
    <p class='ocr_par' dir='ltr' id='par_1_1' title="bbox 700 219 1214 268">
     <span class='ocr_line' id='line_1_1' title="bbox 700 219 1214 268; baseline -0.004 0"><span class='ocrx_word' id='word_1_1' title='bbox 700 221 884 268; x_wconf 82' lang='lat' dir='ltr'><strong>LYRA</strong></span> <span class='ocrx_word' id='word_1_2' title='bbox 936 219 1214 267; x_wconf 86' lang='lat' dir='ltr'><strong>GRAECA</strong></span> 
     </span>
    </p>
   </div>
   <div class='ocr_carea' id='block_1_2' title="bbox 273 349 1735 2673">
    <p class='ocr_par' dir='ltr' id='par_1_2' title="bbox 273 349 1735 2673">
     <span class='ocr_line' id='line_1_2' title="bbox 342 349 1056 421; baseline 0 -19"><span class='ocrx_word' id='word_1_3' title='bbox 342 361 422 402; x_wconf 87' lang='grc'>130</span> <span class='ocrx_word' id='word_1_4' title='bbox 463 350 864 421; x_wconf 81' lang='grc' dir='ltr'>καρτερόθυμος</span> <span class='ocrx_word' id='word_1_5' title='bbox 883 349 1056 417; x_wconf 84' lang='grc' dir='ltr'>”Αρης</span> 
     </span>
     <span class='ocr_line' id='line_1_3' title="bbox 464 421 1177 494; baseline -0.001 -18"><span class='ocrx_word' id='word_1_6' title='bbox 464 422 630 490; x_wconf 86' lang='grc' dir='ltr'>κρίνει</span> <span class='ocrx_word' id='word_1_7' title='bbox 658 423 824 494; x_wconf 84' lang='grc' dir='ltr'>φίλον</span> <span class='ocrx_word' id='word_1_8' title='bbox 851 423 904 475; x_wconf 85' lang='grc' dir='ltr'>ἐν</span> <span class='ocrx_word' id='word_1_9' title='bbox 935 421 1177 491; x_wconf 83' lang='grc' dir='ltr'>πολέμῳ·</span> 
     </span>
     <span class='ocr_line' id='line_1_4' title="bbox 465 495 1212 567; baseline -0.007 -17"><span class='ocrx_word' id='word_1_10' title='bbox 465 495 654 566; x_wconf 84' lang='grc' dir='ltr'>τυφλὰ</span> <span class='ocrx_word' id='word_1_11' title='bbox 683 496 727 548; x_wconf 75' lang='grc' dir='ltr'>δ’</span> <span class='ocrx_word' id='word_1_12' title='bbox 758 497 816 549; x_wconf 88' lang='grc' dir='ltr'>ἐκ</span> <span class='ocrx_word' id='word_1_13' title='bbox 843 499 1042 567; x_wconf 80' lang='grc' dir='ltr'>χειρῶν</span> <span class='ocrx_word' id='word_1_14' title='bbox 1067 495 1212 559; x_wconf 86' lang='grc' dir='ltr'>βέλη</span> 
     </span>
     <span class='ocr_line' id='line_1_5' title="bbox 462 567 1279 639; baseline -0.001 -18"><span class='ocrx_word' id='word_1_15' title='bbox 462 572 725 639; x_wconf 70' lang='grc' dir='ltr'>ψυχαῖς’</span> <span class='ocrx_word' id='word_1_16' title='bbox 709 570 800 622; x_wconf 82' lang='grc' dir='ltr'>ε’πι</span> <span class='ocrx_word' id='word_1_17' title='bbox 828 567 1134 636; x_wconf 79' lang='grc' dir='ltr'>δυσμενέων</span> <span class='ocrx_word' id='word_1_18' title='bbox 1160 573 1279 638; x_wconf 92' lang='grc' dir='ltr'>φοι-</span> 
     </span>
     <span class='ocr_line' id='line_1_6' title="bbox 465 640 1083 715; baseline -0.002 -21"><span class='ocrx_word' id='word_1_19' title='bbox 465 646 552 715; x_wconf 78' lang='grc' dir='ltr'>τᾶ,</span> <span class='ocrx_word' id='word_1_20' title='bbox 585 640 821 694; x_wconf 87' lang='grc' dir='ltr'>θάνατόν</span> <span class='ocrx_word' id='word_1_21' title='bbox 849 664 906 693; x_wconf 83' lang='grc' dir='ltr'>τε</span> <span class='ocrx_word' id='word_1_22' title='bbox 933 640 1083 712; x_wconf 82' lang='grc' dir='ltr'>φέρει</span> 
     </span>
     <span class='ocr_line' id='line_1_7' title="bbox 348 713 1154 783; baseline 0 -18"><span class='ocrx_word' id='word_1_23' title='bbox 348 727 425 766; x_wconf 87' lang='grc'>135</span> <span class='ocrx_word' id='word_1_24' title='bbox 469 718 644 767; x_wconf 85' lang='grc' dir='ltr'>τοῖσιν</span> <span class='ocrx_word' id='word_1_25' title='bbox 673 714 738 768; x_wconf 84' lang='grc' dir='ltr'>ἂν</span> <span class='ocrx_word' id='word_1_26' title='bbox 766 713 975 782; x_wconf 82' lang='grc' dir='ltr'>δαίμων</span> <span class='ocrx_word' id='word_1_27' title='bbox 1002 713 1154 783; x_wconf 84' lang='grc' dir='ltr'>θέλῃ.</span> 
     </span>
     <span class='ocr_line' id='line_1_8' title="bbox 273 786 1218 854; baseline -0.003 -13"><span class='ocrx_word' id='word_1_28' title='bbox 273 789 393 841; x_wconf 89' lang='grc' dir='ltr'>ἀντ.</span> <span class='ocrx_word' id='word_1_29' title='bbox 419 786 460 839; x_wconf 87' lang='grc' dir='ltr'>δ</span> <span class='ocrx_word' id='word_1_30' title='bbox 541 787 692 840; x_wconf 86' lang='grc' dir='ltr'>ταῦτ’</span> <span class='ocrx_word' id='word_1_31' title='bbox 723 788 821 840; x_wconf 82' lang='grc' dir='ltr'>οὐκ</span> <span class='ocrx_word' id='word_1_32' title='bbox 849 786 1218 854; x_wconf 81' lang='grc' dir='ltr'>ἐπιλεξαμένα</span> 
     </span>
     <span class='ocr_line' id='line_1_9' title="bbox 468 858 1187 930; baseline 0 -19"><span class='ocrx_word' id='word_1_33' title='bbox 468 858 711 913; x_wconf 83' lang='grc' dir='ltr'>Θεστίου</span> <span class='ocrx_word' id='word_1_34' title='bbox 739 859 911 930; x_wconf 88' lang='grc' dir='ltr'>κούρα</span> <span class='ocrx_word' id='word_1_35' title='bbox 940 859 1187 928; x_wconf 84' lang='grc' dir='ltr'>δαΐφρων</span> 
     </span>
     <span class='ocr_line' id='line_1_10' title="bbox 466 931 1169 1002; baseline -0.003 -18"><span class='ocrx_word' id='word_1_36' title='bbox 466 933 646 1002; x_wconf 88' lang='grc' dir='ltr'>μάτηρ</span> <span class='ocrx_word' id='word_1_37' title='bbox 673 932 1023 999; x_wconf 77' lang='grc' dir='ltr'>κακόποτμος</span> <span class='ocrx_word' id='word_1_38' title='bbox 1051 931 1169 998; x_wconf 79' lang='grc' dir='ltr'>ἐμοί</span> 
     </span>
     <span class='ocr_line' id='line_1_11' title="bbox 465 1003 1597 1072; baseline -0.001 -15"><span class='ocrx_word' id='word_1_39' title='bbox 465 1005 774 1069; x_wconf 75' lang='grc' dir='ltr'>βούλευσεν</span> <span class='ocrx_word' id='word_1_40' title='bbox 802 1006 1031 1071; x_wconf 79' lang='grc' dir='ltr'>ὄλεθρον</span> <span class='ocrx_word' id='word_1_41' title='bbox 1057 1004 1415 1071; x_wconf 76' lang='grc' dir='ltr'>ἀτάρβακτος</span> <span class='ocrx_word' id='word_1_42' title='bbox 1441 1003 1597 1072; x_wconf 72' lang='grc' dir='ltr'>Ύύνα·</span> 
     </span>
     <span class='ocr_line' id='line_1_12' title="bbox 351 1077 1001 1134; baseline 0.006 -4"><span class='ocrx_word' id='word_1_43' title='bbox 351 1092 430 1130; x_wconf 81' lang='lat'>140</span> <span class='ocrx_word' id='word_1_44' title='bbox 471 1078 593 1130; x_wconf 85' lang='grc' dir='ltr'>καῖέ</span> <span class='ocrx_word' id='word_1_45' title='bbox 619 1101 677 1131; x_wconf 92' lang='grc' dir='ltr'>τε</span> <span class='ocrx_word' id='word_1_46' title='bbox 706 1077 1001 1134; x_wconf 69' lang='grc' dir='ltr'>δαιδαλέας</span> 
     </span>
     <span class='ocr_line' id='line_1_13' title="bbox 470 1150 1137 1220; baseline -0.001 -17"><span class='ocrx_word' id='word_1_47' title='bbox 470 1153 529 1203; x_wconf 87' lang='grc' dir='ltr'>ἐκ</span> <span class='ocrx_word' id='word_1_48' title='bbox 555 1151 830 1220; x_wconf 76' lang='grc' dir='ltr'>λάρνακος</span> <span class='ocrx_word' id='word_1_49' title='bbox 859 1150 1137 1218; x_wconf 80' lang='grc' dir='ltr'>ὠκύμορον</span> 
     </span>
     <span class='ocr_line' id='line_1_14' title="bbox 467 1220 1327 1293; baseline -0.003 -17"><span class='ocrx_word' id='word_1_50' title='bbox 467 1227 662 1293; x_wconf 79' lang='grc' dir='ltr'>φιτρὸν</span> <span class='ocrx_word' id='word_1_51' title='bbox 690 1223 1115 1290; x_wconf 65' lang='grc' dir='ltr'>ἀγκλαύσασα,1</span> <span class='ocrx_word' id='word_1_52' title='bbox 1143 1220 1233 1274; x_wconf 82' lang='grc' dir='ltr'>τὸν</span> <span class='ocrx_word' id='word_1_53' title='bbox 1263 1221 1327 1289; x_wconf 83' lang='grc' dir='ltr'>δὴ</span> 
     </span>
     <span class='ocr_line' id='line_1_15' title="bbox 469 1294 1158 1365; baseline -0.001 -17"><span class='ocrx_word' id='word_1_54' title='bbox 469 1297 610 1365; x_wconf 77' lang='grc' dir='ltr'>μοῖρ’</span> <span class='ocrx_word' id='word_1_55' title='bbox 641 1295 957 1349; x_wconf 87' lang='grc' dir='ltr'>ἐπέκλωσέν</span> <span class='ocrx_word' id='word_1_56' title='bbox 985 1294 1158 1348; x_wconf 81' lang='grc' dir='ltr'>ποτε2</span> 
     </span>
     <span class='ocr_line' id='line_1_16' title="bbox 474 1366 1632 1440; baseline -0.001 -19"><span class='ocrx_word' id='word_1_57' title='bbox 474 1374 608 1435; x_wconf 78' lang='grc' dir='ltr'>ζωᾶς</span> <span class='ocrx_word' id='word_1_58' title='bbox 635 1369 759 1437; x_wconf 82' lang='grc' dir='ltr'>ὅρον</span> <span class='ocrx_word' id='word_1_59' title='bbox 786 1367 1048 1436; x_wconf 80' lang='grc' dir='ltr'>ἁμετέρας</span> <span class='ocrx_word' id='word_1_60' title='bbox 1077 1367 1256 1436; x_wconf 79' lang='grc' dir='ltr'>ἔμμεν.</span> <span class='ocrx_word' id='word_1_61' title='bbox 1335 1366 1505 1440; x_wconf 90' lang='grc' dir='ltr'>τύχον</span> <span class='ocrx_word' id='word_1_62' title='bbox 1534 1367 1632 1435; x_wconf 85' lang='grc' dir='ltr'>μὲν</span> 
     </span>
     <span class='ocr_line' id='line_1_17' title="bbox 353 1441 1080 1509; baseline 0 -16"><span class='ocrx_word' id='word_1_63' title='bbox 353 1455 429 1493; x_wconf 73' lang='lat'>145</span> <span class='ocrx_word' id='word_1_64' title='bbox 473 1442 764 1495; x_wconf 79' lang='grc' dir='ltr'>Δαϊπύλου</span> <span class='ocrx_word' id='word_1_65' title='bbox 791 1441 1080 1509; x_wconf 88' lang='grc' dir='ltr'>Κλύμενον</span> 
     </span>
     <span class='ocr_line' id='line_1_18' title="bbox 473 1512 1141 1583; baseline -0.006 -15"><span class='ocrx_word' id='word_1_66' title='bbox 473 1518 579 1568; x_wconf 81' lang='grc' dir='ltr'>παῖ</span> <span class='ocrx_word' id='word_1_67' title='bbox 612 1515 624 1533; x_wconf 89' lang='grc'>’</span> <span class='ocrx_word' id='word_1_68' title='bbox 653 1515 889 1579; x_wconf 80' lang='grc' dir='ltr'>ἄλκιμον</span> <span class='ocrx_word' id='word_1_69' title='bbox 917 1512 1141 1583; x_wconf 79' lang='grc' dir='ltr'>ἐξεναρί-</span> 
     </span>
     <span class='ocr_line' id='line_1_19' title="bbox 470 1586 1095 1653; baseline 0.006 -14"><span class='ocrx_word' id='word_1_70' title='bbox 470 1590 569 1652; x_wconf 71' lang='grc' dir='ltr'>ζων</span> <span class='ocrx_word' id='word_1_71' title='bbox 597 1587 888 1653; x_wconf 81' lang='grc' dir='ltr'>ἀμωμητον</span> <span class='ocrx_word' id='word_1_72' title='bbox 916 1586 1095 1652; x_wconf 69' lang='grc' dir='ltr'>δέμας,</span> 
     </span>
     <span class='ocr_line' id='line_1_20' title="bbox 472 1658 1358 1729; baseline -0.003 -16"><span class='ocrx_word' id='word_1_73' title='bbox 472 1659 697 1729; x_wconf 75' lang='grc' dir='ltr'>πύργων</span> <span class='ocrx_word' id='word_1_74' title='bbox 724 1660 1071 1729; x_wconf 79' lang='grc' dir='ltr'>προπάροιθε</span> <span class='ocrx_word' id='word_1_75' title='bbox 1097 1658 1358 1729; x_wconf 82' lang='grc' dir='ltr'>κιχήσας·</span> 
     </span>
     <span class='ocr_line' id='line_1_21' title="bbox 474 1732 1146 1801; baseline -0.003 -15"><span class='ocrx_word' id='word_1_76' title='bbox 474 1733 556 1786; x_wconf 89' lang='grc' dir='ltr'>τοὶ</span> <span class='ocrx_word' id='word_1_77' title='bbox 585 1733 638 1786; x_wconf 82' lang='grc' dir='ltr'>δὲ</span> <span class='ocrx_word' id='word_1_78' title='bbox 668 1732 802 1801; x_wconf 82' lang='grc' dir='ltr'>πρὸς</span> <span class='ocrx_word' id='word_1_79' title='bbox 829 1732 1146 1800; x_wconf 84' lang='grc' dir='ltr'>εὐκτιμέναν</span> 
     </span>
     <span class='ocr_line' id='line_1_22' title="bbox 359 1804 1142 1876; baseline 0 -20"><span class='ocrx_word' id='word_1_80' title='bbox 359 1819 437 1856; x_wconf 79' lang='lat'>150</span> <span class='ocrx_word' id='word_1_81' title='bbox 476 1810 681 1875; x_wconf 76' lang='grc' dir='ltr'>φευΎον</span> <span class='ocrx_word' id='word_1_82' title='bbox 708 1804 950 1876; x_wconf 82' lang='grc' dir='ltr'>ἀρχαιαν</span> <span class='ocrx_word' id='word_1_83' title='bbox 978 1804 1142 1857; x_wconf 90' lang='grc' dir='ltr'>πόλιν</span> 
     </span>
     <span class='ocr_line' id='line_1_23' title="bbox 319 1873 1724 1947; baseline -0.002 -17"><span class='ocrx_word' id='word_1_84' title='bbox 319 1880 403 1933; x_wconf 88' lang='grc' dir='ltr'>ἐπ.</span> <span class='ocrx_word' id='word_1_85' title='bbox 431 1878 470 1930; x_wconf 83' lang='grc' dir='ltr'>δ</span> <span class='ocrx_word' id='word_1_86' title='bbox 550 1881 873 1947; x_wconf 87' lang='grc' dir='ltr'>Πλευρῶνα</span> <span class='ocrx_word' id='word_1_87' title='bbox 939 1877 1167 1942; x_wconf 85' lang='grc' dir='ltr'>μινύνθη</span> <span class='ocrx_word' id='word_1_88' title='bbox 1191 1877 1212 1907; x_wconf 84' lang='lat'><strong>3</strong></span> <span class='ocrx_word' id='word_1_89' title='bbox 1281 1875 1336 1928; x_wconf 87' lang='grc' dir='ltr'>δέ</span> <span class='ocrx_word' id='word_1_90' title='bbox 1395 1898 1488 1943; x_wconf 88' lang='grc' dir='ltr'>μοι</span> <span class='ocrx_word' id='word_1_91' title='bbox 1552 1873 1724 1946; x_wconf 71' lang='grc' dir='ltr'>ψυχὰ</span> 
     </span>
     <span class='ocr_line' id='line_1_24' title="bbox 620 1955 871 2018; baseline 0 -15"><span class='ocrx_word' id='word_1_92' title='bbox 620 1955 871 2018; x_wconf 63' lang='grc' dir='ltr'>γλυκεῖα·</span> 
     </span>
     <span class='ocr_line' id='line_1_25' title="bbox 477 2021 1128 2091; baseline -0.003 -14"><span class='ocrx_word' id='word_1_93' title='bbox 477 2027 620 2091; x_wconf 66' lang='grc' dir='ltr'>1’γνῶν</span> <span class='ocrx_word' id='word_1_94' title='bbox 681 2024 691 2043; x_wconf 81' lang='grc'><strong><em>’</em></strong></span> <span class='ocrx_word' id='word_1_95' title='bbox 717 2021 1128 2091; x_wconf 66' lang='grc' dir='ltr'>ὀλιγοσθενέων,</span> 
     </span>
     <span class='ocr_line' id='line_1_26' title="bbox 480 2093 1729 2164; baseline -0.002 -17"><span class='ocrx_word' id='word_1_96' title='bbox 480 2097 614 2149; x_wconf 82' lang='grc' dir='ltr'>αἰαῖ·</span> <span class='ocrx_word' id='word_1_97' title='bbox 647 2096 899 2164; x_wconf 89' lang='grc' dir='ltr'>πύματον</span> <span class='ocrx_word' id='word_1_98' title='bbox 928 2095 983 2148; x_wconf 83' lang='grc' dir='ltr'>δὲ</span> <span class='ocrx_word' id='word_1_99' title='bbox 1010 2095 1187 2147; x_wconf 83' lang='grc' dir='ltr'>πνέων</span> <span class='ocrx_word' id='word_1_100' title='bbox 1209 2093 1460 2162; x_wconf 87' lang='grc' dir='ltr'>δάκρυσα</span> <span class='ocrx_word' id='word_1_101' title='bbox 1482 2093 1729 2161; x_wconf 86' lang='grc' dir='ltr'>τλάμων,</span> 
     </span>
     <span class='ocr_line' id='line_1_27' title="bbox 481 2167 1260 2236; baseline -0.004 -15"><span class='ocrx_word' id='word_1_102' title='bbox 481 2168 701 2236; x_wconf 69' lang='grc' dir='ltr'>ἀγλαὰν</span> <span class='ocrx_word' id='word_1_103' title='bbox 728 2170 876 2234; x_wconf 82' lang='grc' dir='ltr'>ἥβαν</span> <span class='ocrx_word' id='word_1_104' title='bbox 905 2167 1260 2234; x_wconf 84' lang='grc' dir='ltr'>προλείπων.’</span> 
     </span>
     <span class='ocr_line' id='line_1_28' title="bbox 361 2239 1003 2334; baseline 0 -41"><span class='ocrx_word' id='word_1_105' title='bbox 361 2255 439 2294; x_wconf 87' lang='grc'>155</span> <span class='ocrx_word' id='word_1_106' title='bbox 481 2241 652 2334; x_wconf 85' lang='grc' dir='ltr'>φασὶν</span> <span class='ocrx_word' id='word_1_107' title='bbox 682 2239 1003 2303; x_wconf 76' lang='grc' dir='ltr'>ἀδεισιβόαν</span> 
     </span>
     <span class='ocr_line' id='line_1_29' title="bbox 484 2309 1573 2383; baseline -0.002 -16.966"><span class='ocrx_word' id='word_1_108' title='bbox 484 2311 897 2383; x_wconf 83' lang='grc' dir='ltr'>Ἀμφιτρύωνος</span> <span class='ocrx_word' id='word_1_109' title='bbox 926 2311 1101 2365; x_wconf 86' lang='grc' dir='ltr'>παῖδα</span> <span class='ocrx_word' id='word_1_110' title='bbox 1129 2315 1328 2379; x_wconf 88' lang='grc' dir='ltr'>μοῦνον</span> <span class='ocrx_word' id='word_1_111' title='bbox 1357 2309 1420 2377; x_wconf 83' lang='grc' dir='ltr'>δὴ</span> <span class='ocrx_word' id='word_1_112' title='bbox 1450 2309 1573 2364; x_wconf 87' lang='grc' dir='ltr'>τότε</span> 
     </span>
     <span class='ocr_line' id='line_1_30' title="bbox 483 2383 1409 2456; baseline -0.005 -17"><span class='ocrx_word' id='word_1_113' title='bbox 483 2385 670 2454; x_wconf 54' lang='grc' dir='ltr'>τέτγξαι</span> <span class='ocrx_word' id='word_1_114' title='bbox 696 2385 1003 2456; x_wconf 76' lang='grc' dir='ltr'>βλέφαρον,</span> <span class='ocrx_word' id='word_1_115' title='bbox 1033 2383 1409 2450; x_wconf 89' lang='grc' dir='ltr'>ταλαπενθέος</span> 
     </span>
     <span class='ocr_line' id='line_1_31' title="bbox 486 2455 1258 2547; baseline 0.001 -36"><span class='ocrx_word' id='word_1_116' title='bbox 486 2458 697 2526; x_wconf 88' lang='grc' dir='ltr'>πότμον</span> <span class='ocrx_word' id='word_1_117' title='bbox 725 2457 1034 2547; x_wconf 83' lang='grc' dir='ltr'>οἰκτίρρντα</span> <span class='ocrx_word' id='word_1_118' title='bbox 1061 2455 1258 2526; x_wconf 71' lang='grc' dir='ltr'>φωτός·</span> 
     </span>
     <span class='ocr_line' id='line_1_32' title="bbox 485 2528 1072 2598; baseline -0.002 -16"><span class='ocrx_word' id='word_1_119' title='bbox 485 2531 578 2583; x_wconf 87' lang='grc' dir='ltr'>καὶ</span> <span class='ocrx_word' id='word_1_120' title='bbox 604 2552 684 2583; x_wconf 92' lang='grc' dir='ltr'>νιν</span> <span class='ocrx_word' id='word_1_121' title='bbox 713 2528 1072 2598; x_wconf 87' lang='grc' dir='ltr'>ἀμειβόμενος</span> 
     </span>
     <span class='ocr_line' id='line_1_33' title="bbox 367 2598 1735 2673; baseline -0.004 -17"><span class='ocrx_word' id='word_1_122' title='bbox 367 2615 445 2656; x_wconf 87' lang='grc'>160</span> <span class='ocrx_word' id='word_1_123' title='bbox 486 2603 585 2656; x_wconf 85' lang='grc' dir='ltr'>τοῖ’</span> <span class='ocrx_word' id='word_1_124' title='bbox 607 2602 630 2635; x_wconf 81' lang='lat'>‘²</span> <span class='ocrx_word' id='word_1_125' title='bbox 657 2602 778 2673; x_wconf 82' lang='grc' dir='ltr'>ἔφα·</span> <span class='ocrx_word' id='word_1_126' title='bbox 799 2601 820 2633; x_wconf 85' lang='lat'>5</span> <span class='ocrx_word' id='word_1_127' title='bbox 850 2611 862 2630; x_wconf 90' lang='lat'>‘</span> <span class='ocrx_word' id='word_1_128' title='bbox 882 2603 1154 2655; x_wconf 84' lang='grc' dir='ltr'>Θνατοῖσι</span> <span class='ocrx_word' id='word_1_129' title='bbox 1180 2598 1255 2668; x_wconf 82' lang='grc' dir='ltr'>μὴ</span> <span class='ocrx_word' id='word_1_130' title='bbox 1282 2603 1449 2670; x_wconf 86' lang='grc' dir='ltr'>φῦναι</span> <span class='ocrx_word' id='word_1_131' title='bbox 1470 2598 1735 2670; x_wconf 87' lang='grc' dir='ltr'>φέριστον</span> 
     </span>
    </p>
   </div>
   <div class='ocr_carea' id='block_1_3' title="bbox 238 2692 330 2740">
    <p class='ocr_par' dir='ltr' id='par_1_3' title="bbox 238 2692 330 2740">
     <span class='ocr_line' id='line_1_34' title="bbox 238 2692 330 2740; baseline -0.022 0"><span class='ocrx_word' id='word_1_132' title='bbox 238 2692 330 2740; x_wconf 86' lang='lat'>154</span> 
     </span>
    </p>
   </div>
  </div>
 </body>
</html>
