1900 3072
753 238 939 285 LYRA
988 239 1267 286 GRAECA

998 370 1028 417 5

312 465 428 506 Men.
470 467 547 507 Rh.
589 468 661 507 Gr.
698 466 825 506 VValz
859 467 895 507 9.
928 468 1006 507 140
1063 466 1324 518 ἐπιλέγονται
1359 467 1414 519 (οἱ
1445 469 1759 520 ἆποπεμπτικοὶ)

255 521 492 570 ἀποδημίαις
542 525 640 561 θεῶν
689 519 963 572 νομιζομέναις
1008 522 1032 569 ἢ
1078 520 1319 574 γινομέναις·
1368 521 1452 563 οἷον
1499 522 1759 564 ’Λπόλλωνος

255 576 472 625 ἀποδημίαι
514 576 622 616 τινὲς
662 575 924 626 ὀνομάζονται
962 578 1067 628 παρὰ
1106 579 1273 625 Δηλίοις
1317 578 1380 617 καὶ
1422 579 1651 627 Μιλησίοις,
1694 580 1759 619 καὶ

255 631 488 682 Ἀρτέμιδος
519 632 623 682 παρὰ
655 632 865 682 Ἀργείοις·
910 632 988 672 εἶσὶ
1024 633 1159 673 τοίνυν
1189 634 1255 673 καὶ
1296 635 1353 683 τῷ
1381 634 1617 687 Βακχυλίδῃ
1648 634 1761 683 ὕμνοι

254 687 564 734 ἆποπεμπτικοί.

1002 817 1029 863 6

310 901 417 941 Ath.
456 903 517 942 ll.
553 902 673 942 5003
703 904 761 952 [π.
792 902 990 954 σκύφων]·
1025 903 1194 956 ὕστερον
1226 902 1266 942 δὲ
1297 903 1400 942 κατὰ
1428 904 1593 953 μίμησιν
1626 903 1757 954 εἰργοί-

256 971 383 996 σαντο
401 955 617 1008 κεραμέους
633 973 678 996 τε
697 959 759 997 καὶ
779 959 974 1009 ἀργυροῦς
991 958 1183 1008 σκύφους.
1234 957 1286 997 ὧν
1305 961 1455 1008 πρῶτοι
1474 958 1547 1007 μὲν
1569 956 1760 1008 ἐγένοντο

255 1011 319 1050 καὶ
360 1011 481 1052 κλέος
521 1012 674 1058 ἔλαβον
714 1014 749 1051 οἵ
785 1013 963 1052 Βοιώτιοι
995 1011 1217 1063 γενόμενοι,
1257 1011 1519 1065 χρησαμένου
1553 1014 1655 1053 κατὰ
1686 1015 1760 1055 τὰς

256 1066 471 1117 στρατείας
511 1068 669 1118 πρώτου
709 1068 952 1119 Ἡρακλέους
986 1072 1042 1116 τῷ
1082 1068 1207 1118 γένει·
1253 1070 1311 1107 διὸ
1344 1067 1407 1106 καὶ
1443 1068 1758 1119 Ἡρακλεωτικοὶ

253 1121 351 1172 πρός
372 1137 492 1161 τινων
509 1125 740 1162 καλοῦνται.
806 1122 950 1173 ἔχουσι
971 1119 1108 1172 μέντοι
1129 1123 1227 1171 πρὸς
1253 1124 1348 1163 τοὺς
1376 1124 1530 1162 ἄλλους
1551 1121 1756 1174 διαφοράν·

256 1176 399 1215 ἔπεστι
428 1178 506 1228 γὰρ
538 1178 601 1216 ἐπὶ
632 1180 713 1215 τῶν
743 1179 856 1216 ὤτων
886 1179 1021 1217 αὐτοῖς
1043 1180 1062 1216 ὁ
1086 1178 1310 1228 λεγόμενος
1337 1177 1576 1229 Ἡράκλειος
1597 1177 1759 1227 δεσμός.

251 1232 490 1281 μνημονεύει
531 1231 572 1271 δὲ
611 1235 692 1271 τῶν
737 1231 968 1271 Βοιωτίων1
1004 1232 1173 1284 σκύφων
1211 1232 1471 1282 Βακχυλίδης
1520 1235 1563 1272 ἐν
1599 1232 1759 1273 τούτοις

252 1285 488 1337 ποιούμενος
523 1287 596 1325 τὸν
628 1286 758 1336 λόγον
790 1288 890 1338 πρὸς
921 1288 1016 1327 τοὺς
1043 1286 1301 1339 Διοσκόρους,
1336 1291 1472 1327 καλῶν
1510 1288 1655 1330 αὐτοὺς
1694 1288 1757 1327 ἐπὶ

255 1341 375 1391 ξένια·

439 1406 523 1459 Οὐ
549 1408 702 1472 βοῶν
727 1405 967 1475 πάρεστι
998 1406 1204 1474 σώματ’
1234 1407 1359 1460 οὔτε
1385 1406 1613 1478 χρυσός,

436 1478 560 1531 οὔτε
588 1477 891 1550 πορφύρεοι
920 1479 1177 1545 τάπητες,

436 1549 589 1603 ἀλλὰ
617 1551 784 1618 θυμὸς
813 1550 1032 1619 εὐμενὴς

436 1625 647 1676 Μοῦσά
674 1646 732 1677 τε
759 1628 992 1692 γλυκεῖα
1019 1626 1112 1677 καὶ
1141 1625 1493 1679 Βοῖωτίοισιν

434 1697 490 1749 ἐν
517 1695 819 1767 σκύφοισιν
847 1697 986 1754 οἶνος
1015 1697 1159 1764 ἡδύς.

250 1789 469 1840 διήνεγκαν
490 1790 532 1829 δὲ
552 1791 656 1840 μετὰ
675 1791 770 1831 τοὺς
790 1790 1004 1831 Βοιωτίους
1025 1792 1060 1830 οἱ
1083 1790 1276 1832 Ῥοδιακοὶ
1304 1791 1521 1843 λεγόμενοι
1551 1791 1754 1844 Δαμοκρά-

248 1861 343 1885 τους
364 1845 752 1897 δημιουργήσαντος·
783 1847 914 1898 τρίτοι
935 1848 968 1885 δ’
992 1846 1095 1886 εἰσὶν
1116 1848 1151 1886 οἱ
1172 1845 1422 1899 Συρακόσιοι.

978 1993 1032 2041 B'

822 2114 1185 2165 ΠΑΙΑΝΩΝ

991 2239 1019 2286 7

305 2321 425 2362 Stob.
450 2323 516 2362 Fl.
543 2324 600 2373 [π.
625 2323 816 2375 εἰρήνης]
849 2325 1105 2376 Βακχυλίδου
1126 2324 1322 2366 Παιάνων·

467 2418 637 2471 τίκτει
666 2418 722 2472 δέ
748 2443 805 2473 τε
832 2421 1117 2474 θνατοῖσιν
1145 2420 1351 2492 Εἰρήνα
1378 2422 1599 2489 μεγάλα

337 2512 458 2560 στρ.
537 2496 783 2545 πλοῦτον
807 2494 1218 2562 μελιγλώσσων
1244 2496 1287 2546 τ’
1306 2494 1327 2526 2
1353 2493 1542 2547 ἀοιδᾶν
1568 2493 1750 2559 ἄνθεα,

358 2623 370 2648 ¹
404 2637 490 2664 mss
510 2630 735 2667 Βοιωτικῶν
1056 2630 1071 2653 ²
1101 2628 1302 2672 Boeckh:
1335 2641 1422 2669 mss
1452 2629 1515 2670 καὶ
1545 2637 1641 2679 μελ.

250 2691 311 2738 88
