1900 3072
788 228 974 276 LYRA
1023 228 1302 277 GRAECA

294 360 414 411 HE.
456 359 518 410 οὐ
543 356 650 427 «γὰρ
679 357 749 409 σὺ
778 356 989 429 χαίρεις
1015 356 1410 427 πτεροδόνητος
1436 358 1718 426 «γενόμενος
1740 383 1756 421 ,-

318 441 415 490 ΚΙ.
459 438 618 491 ταυτὶ
646 437 955 503 πεποίηκας
983 436 1076 491 τὸν
1103 437 1665 500 κυκλιοδιδάσκαλον,

456 517 510 574 ὃς
539 521 694 570 ταῖσι
722 522 928 588 φυλαῖς
954 519 1334 590 περιμάχητός
1363 518 1464 587 εἰμ’
1495 518 1578 573 ἀεί
1599 542 1615 581 ,·

296 600 416 651 HE.
457 598 654 660 ,Βούλει
683 597 961 652 διδάσκειν
987 598 1078 651 καὶ
1109 598 1241 669 παρ’
1269 600 1396 666 ἡμῖν
1425 599 1518 652 οὖν
1541 598 1715 667 μένων

310 690 420 730 1406
458 677 816 749 Λεωτροφίδῃ
844 678 1012 750 χορὸν
1041 679 1354 745 πετομένων
1380 678 1576 749 ὀρνέων

459 758 828 830 Κερκωπίδα1
869 759 1052 829 φυλήν
1076 783 1093 822 ,·
1146 761 1245 813 ΚΙ.
1312 761 1627 832 καταγελᾷς
1671 781 1790 828 μου,

583 840 747 906 δῆλος
777 839 838 893 εἷ.

456 919 587 972 ἀλλ’
617 921 707 973 οὖν
733 919 892 988 ἔγωγ’
920 919 982 973 οὐ
1012 918 1321 987 παύσομαι,
1350 917 1497 974 τοῦτ’
1527 919 1640 973 ἴσθ’
1667 919 1768 981 ὅτι,

456 1000 583 1069 πρὶν
610 1001 674 1054 ἂν
702 1000 998 1071 πτερωθεὶς
1026 1000 1305 1070 διαδράμω
1335 999 1429 1054 τὸν
1455 999 1608 1071 ἀέρα.

367 1118 480 1166 Sch.
520 1119 582 1165 ad
618 1119 701 1168 loe.
741 1118 914 1183 (1379)
994 1113 1231 1182 Δίδυμος
1272 1113 1371 1182 μὲν
1412 1114 1634 1176 κύκλον,
1675 1113 1796 1167 ἐπεὶ

293 1192 537 1248 κυκλίων
577 1193 843 1267 ᾀσμάτων
882 1193 1114 1261 ποιητής
1155 1195 1292 1255 ἐστι,
1327 1193 1536 1248 κυλλὸν
1576 1193 1648 1256 δέ,
1676 1193 1794 1248 ἐπεὶ

292 1273 478 1346 χωλός
530 1275 682 1327 ἐστιν
725 1315 735 1327 .
783 1316 792 1327 .
837 1316 846 1327 .
889 1272 914 1327 ὁ
981 1273 1035 1327 δὲ
1098 1274 1493 1344 Ἀριστοτέλης
1557 1275 1614 1327 ἐν
1677 1278 1796 1332 ταῖς

294 1354 701 1412 Διδασκαλίαις
753 1354 846 1408 δύο
905 1355 1046 1425 φησὶ
1106 1354 1402 1424 «γεγονέναι.
1493 1353 1796 1428 Σύμμαχος

293 1436 483 1493 οὕτως·
533 1435 854 1506 Εὐφρόνιος,
886 1434 1073 1503 ἐπειδὴ
1110 1434 1319 1493 κυλλὸς
1349 1435 1414 1502 ἣν
1443 1433 1468 1488 ὁ
1508 1434 1795 1501 Κινησίας.

292 1518 552 1583 ——(1383)
597 1557 607 1569 .
653 1557 662 1568 .
708 1557 717 1568 .
757 1516 942 1581 παίζει
984 1515 1037 1569 δὲ
1079 1515 1215 1583 πρὸς
1255 1514 1323 1579 τὰ
1361 1514 1647 1583 ποιήματα
1691 1519 1798 1570 τῶν

293 1597 797 1667 διθυραμβοποιῶν·
831 1596 950 1655 ἔθος
973 1595 1080 1666 «γὰρ
1101 1597 1290 1653 αὐτοῖς
1311 1599 1538 1650 τοιαῦτα
1566 1595 1794 1650 ἐπίθετα

292 1677 490 1745 λέγειν.
571 1676 685 1745 ἅμα
737 1677 792 1730 δὲ
843 1678 938 1731 καὶ
984 1676 1119 1745 πρὸς
1166 1675 1228 1730 τὸ
1273 1680 1482 1747 κοῦφον
1523 1677 1796 1730 αὐτῶν.-

294 1761 480 1825 (1393)
524 1799 534 1811 .
579 1798 589 1810 .
635 1798 645 1809 .
688 1757 932 1824 πλείστη
976 1758 1083 1826 «γὰρ
1124 1757 1303 1809 αὐτῶν
1354 1757 1386 1822 ἡ
1423 1755 1573 1823 λέξις
1613 1755 1795 1810 τοιαύ-

294 1861 377 1904 τη,
434 1836 459 1891 ὁ
516 1837 571 1890 δὲ
629 1841 748 1895 νοῦς
789 1838 1113 1909 ἐλάχιστος,
1156 1838 1224 1893 ὡς
1277 1837 1308 1903 ἡ
1361 1834 1633 1905 παροιμία
1671 1835 1798 1889 (καὶ

295 1919 651 1988 διθυράμβων
695 1922 821 1972 νοῦν
866 1918 1008 1989 ἔχεις
1055 1914 1630 1984 ἐλάττονα.’-(1395)
1673 1956 1685 1969 .
1728 1956 1740 1970 .
1784 1956 1795 1969 .

293 1999 553 2070 χλευάζει
582 1998 637 2051 δὲ
667 1998 792 2056 τοὺς
821 1995 1345 2067 διθυραμβοποιούς.

361 2117 474 2164 Sch.
497 2117 580 2164 Ar.
601 2116 709 2181 Lys.
735 2117 830 2164 847
848 2116 924 2163 ff.:
969 2117 1105 2178 (838)
1133 2110 1385 2180 κωμῳδεῖ
1419 2108 1692 2176 Κινησίαν
1728 2109 1797 2166 ὡς

293 2195 587 2262 κατωφερῆ
625 2191 696 2248 εἰς
734 2189 1055 2244 συνουσίαν.
1133 2191 1197 2257 ἣν
1226 2189 1280 2243 δὲ
1308 2187 1796 2260 διθυραμβοποιός.

700 2326 717 2352 ¹
744 2326 1012 2366 Palmerius:
1045 2338 1132 2364 mss
1155 2325 1378 2377 Κεκροπίδα

349 2439 365 2463 ¹
395 2441 462 2478 i.e.
490 2438 557 2477 for
590 2438 636 2477 L.
673 2451 720 2476 as
750 2437 960 2487 choregus
981 2452 990 2484 3
1020 2436 1096 2475 the
1115 2436 1204 2487 jest
1224 2448 1409 2488 appears
1431 2439 1477 2474 to
1497 2433 1551 2474 be
1573 2433 1673 2474 that
1693 2433 1797 2486 only

292 2493 567 2545 notoriously
599 2493 696 2532 thin
729 2505 829 2531 men
858 2491 948 2531 like
977 2489 1020 2530 C.
1048 2490 1135 2529 and
1167 2490 1213 2530 L.
1241 2489 1369 2529 could
1399 2489 1527 2528 reach
1559 2487 1797 2530 Cloudcue-

295 2547 591 2600 kooborough,
626 2547 701 2586 the
731 2560 828 2585 new
858 2545 1127 2598 sky-capital
1157 2544 1203 2584 of
1238 2545 1314 2584 the
1343 2543 1681 2595 Bird-Empire3
1719 2542 1797 2583 the

297 2602 437 2641 ‘tribe
476 2602 521 2641 of
567 2601 778 2652 Cercops'
820 2602 856 2640 is
895 2614 920 2639 a
957 2600 1062 2652 play
1100 2612 1155 2639 on
1202 2599 1280 2639 the
1326 2598 1553 2638 Athenian
1600 2597 1716 2637 tribe
1752 2596 1799 2636 of

297 2694 393 2740 254
