1900 3072
800 208 987 256 LYRA
1037 209 1318 257 GRAECA
1338 232 1341 234 ·

446 336 732 406 Ἀδμήτου
806 337 996 406 λόγον,
1064 338 1104 392 ὦ
1168 338 1356 409 ’ταῖρε,
1428 339 1618 404 μαθὼν
1696 339 1820 398 τοὺς

600 411 840 478 ἀγαθοὺς
868 410 1038 481 φίλει·

315 525 422 566 1240
463 514 637 586 τούτῳ
667 514 720 568 τί
745 515 919 582 λέξεις
948 514 1216 577 σκόλιον;
1295 518 1396 569 (DI.
1439 515 1646 587 ᾠδικῶς
1663 515 1784 585 ἐγώ,

527 619 625 671 οὐκ
655 618 807 672 ἔστιν
836 619 1198 684 ἀλωπεκίζειν

529 690 638 745 οὐδ’
668 691 1030 761 ἀμφοτέροισι
1056 692 1346 762 γίγνεσθαι
1375 691 1552 763 φίλου.

311 798 426 848 ΒΔ.
455 795 594 864 μετὰ
622 800 814 850 τοῦτον
843 796 1122 869 Αἰσχίνης
1149 796 1174 850 ὁ
1203 794 1420 851 Σέλλου
1449 796 1675 862 δέξεται,

457 869 593 939 ἀνὴρ
620 869 793 940 σοφὸς
820 871 913 924 καὶ
940 869 1220 938 μουσικός·
1264 870 1384 943 κᾷτ’
1412 869 1630 942 ᾄσεταν

315 984 420 1023 1245
459 972 723 1043 χρήματα
783 961 876 1027 καὶ
932 972 1068 1037 βίαν
1126 973 1480 1047 Κλειταγόρᾳ
1540 996 1598 1028 τε
1657 974 1821 1042 κάμοὶ

606 1044 743 1114 μετὰ
772 1048 1070 1100 Θεττάλων

312 1151 413 1201 ΦΙ.
455 1148 650 1202 πολλὰ
678 1149 742 1217 δὴ
771 1149 1152 1217 διεκόμπασας
1182 1150 1252 1204 σὺ
1279 1149 1476 1218 κιίγώ.1

316 1225 426 1275 ΒΔ.
459 1222 610 1275 τουτὶ
636 1223 734 1290 μὲν
760 1224 987 1281 ἐπεικῶς
1014 1223 1085 1277 σύ
1111 1222 1161 1291 γ’
1191 1223 1577 1289 ἐξεπίστασαι·

314 1307 420 1346 1250
460 1294 608 1353 ὅπως
637 1296 678 1348 δ’
705 1296 795 1349 ἐπὶ
825 1295 1042 1350 δεῖπνον
1070 1296 1143 1354 εἰς
1166 1297 1581 1365 Φιλοκτήμονος
1610 1296 1742 1364 ἴμεν.

380 1409 492 1457 Sch.
522 1411 606 1457 Ar.
651 1410 783 1475 Vesp.
817 1412 944 1458 1235
977 1411 1181 1477 (above)
1214 1412 1272 1464 ἐκ
1309 1414 1416 1464 τῶν
1454 1410 1724 1464 Ἀλκαίου
1766 1410 1823 1464 δὲ

316 1483 562 1555 παρῳδεῖ
586 1483 658 1542 εἰς
689 1483 924 1537 Κλέωνα
953 1486 1021 1541 ὡς
1046 1484 1393 1553 μαινόμενον.

382 1600 506 1646 Ibid.
540 1600 668 1647 1239
696 1598 898 1664 (above)
942 1598 1224 1668 Ἀδμήτου
1274 1598 1459 1667 λόγον·
1513 1598 1604 1652 καὶ
1658 1600 1821 1651 τοῦτο

314 1673 460 1744 ἀρχὴ
491 1672 738 1726 σκολίου·
781 1674 900 1740 ἑξῆς
930 1671 985 1724 δέ
1013 1673 1151 1725 ἐστι·
1213 1677 1224 1698 ‘
1249 1676 1355 1725 τῶν
1383 1671 1575 1725 δειλῶν
1603 1671 1820 1742 ἀπέχου

313 1748 472 1813 γνοὺς
501 1746 586 1799 ὅτι
616 1745 810 1799 δειλῶν
840 1744 1006 1813 ὀλίγα
1028 1745 1229 1816 χάρις.’
1292 1745 1386 1798 καὶ
1413 1745 1466 1798 ἐν
1494 1747 1824 1814 Πελαργοῖς·

461 1849 486 1903 ὁ
513 1849 610 1918 μὲν
639 1850 760 1920 ᾖδεν
786 1848 1062 1917 Ἀδμήτου
1088 1847 1258 1917 λόγον
1285 1847 1421 1918 πρὸς
1447 1846 1725 1918 μυρρίνην,

461 1921 486 1976 ὁ
518 1923 560 1975 δ’
588 1922 753 1976 αὐτὸν
782 1922 1083 1991 ἠνάγκαζεν
1111 1921 1409 1990 Ἀρμοδίου
1435 1921 1617 1989 μέλος.

317 2026 603 2096 εΗρόδικος
670 2026 724 2079 δὲ
780 2029 834 2079 ἐν
894 2029 1006 2083 τοῖς
1066 2024 1526 2096 Κωμῳδουμένοις
1581 2024 1676 2078 καὶ
1731 2023 1828 2078 τὸν

308 2100 586 2164 ’Ἄδμητον
630 2098 980 2170 ἀναγέγραφε
1016 2099 1284 2170 παραθεὶς
1324 2097 1393 2151 τὰ
1422 2102 1518 2151 τοῦ
1549 2096 1825 2166 Κρατίνου

318 2175 378 2226 ἐκ
406 2172 710 2242 Χειρώνων·

375 2307 390 2330 1
421 2307 543 2359 prob,
593 2320 820 2359 preserves
861 2306 937 2345 the
975 2310 1117 2346 metre
1156 2306 1200 2346 of
1238 2306 1316 2346 the
1355 2306 1569 2359 original;
1618 2319 1692 2356 aq.
1737 2305 1827 2346 δοὺς

317 2362 495 2403 ἅπαντας
516 2364 764 2407 ἆπεκβαλεῖς
785 2363 1000 2413 τυράννους

373 2543 389 2567 ¹
418 2544 493 2583 the
513 2542 698 2595 original
718 2556 808 2581 was
838 2542 959 2594 perh.
989 2541 1115 2581 ‘You
1145 2541 1258 2582 shall
1289 2545 1393 2580 turn
1414 2540 1491 2579 the
1521 2543 1698 2592 tyrants
1719 2543 1798 2580 out
1813 2539 1823 2558 ’

318 2597 334 2621 ²
364 2600 431 2638 πλε.
459 2598 723 2637 substitutes
743 2597 978 2647 μαινόμενος
1005 2596 1130 2636 ‘mad
1146 2598 1153 2611 '
1176 2596 1244 2636 for
1262 2595 1476 2646 μαιόμενος
1503 2594 1705 2646 ‘seeking
1719 2595 1728 2610 '

323 2679 417 2739 556
