1900 3072
791 232 978 278 LYRA
1029 232 1309 279 GRAECA

297 362 585 431 Δημητρος
625 361 943 429 εὑρημάτων
979 361 1102 418 τούς
1140 385 1196 415 τε
1243 360 1488 431 καρποὺς
1533 362 1627 414 καὶ
1669 362 1792 419 τοὺς

297 436 493 500 ὕμνους
542 433 666 493 τοὺς
709 434 783 490 εἰς
833 434 930 500 τὴν
979 434 1098 487 θεὸν
1151 435 1348 492 οὔλους
1401 438 1644 487 καλοῦσι
1697 435 1793 488 καὶ

298 507 534 563 ἰούλους.
539 505 593 541 ’1
693 506 1062 574 δημήτρουλοι
1128 507 1221 560 καὶ
1277 506 1627 560 καλλίουλοι·
1707 507 1800 560 καὶ

298 587 309 607 ‘
334 583 617 633 Πλεῖστον
647 580 808 632 οὖλον
837 580 1003 632 οὖλον
1041 579 1120 639 ἵει,
1153 580 1339 633 ἴουλον
1369 579 1466 634 ἵει]
1543 578 1713 633 ἄλλοι
1741 579 1796 634 δέ

299 659 475 723 φασιν
524 654 817 723 ἐριουργῶν
868 652 1004 706 εἶναι
1064 652 1161 720 τὴν
1214 651 1371 723 ᾠδήν.
1451 652 1508 706 αἱ
1571 652 1628 706 δὲ
1690 656 1800 705 τῶν

298 726 669 778 τιτθευουσῶν
696 724 830 796 ᾠδαὶ
860 725 1390 791 καταβαυκαλήσεις
1421 725 1798 793 ὀνομάζονται.

303 799 367 865 ἣν
408 798 462 850 δὲ
502 800 596 851 καὶ
637 799 730 852 ἐπὶ
769 802 886 856 ταῖς
925 798 1186 864 αἰώραις2
1211 820 1291 856 τις
1318 799 1404 851 ἐπ’
1432 796 1708 868 Ἠριγόνῃ,
1738 798 1804 864 ἣν

303 872 397 924 καὶ
444 872 643 937 ἀλῆτιν
683 870 962 938 λέγουσιν,
1005 869 1132 941 ᾠδή.
1227 870 1624 939 Ἀριστοτέλης
1665 874 1798 938 γοῦν

299 965 352 997 εν
394 948 459 1013 τῇ
507 943 879 1012 Κολοφωνίων
921 942 1190 996 Πολιτεία
1228 942 1415 1011 φησίν·
1465 942 1803 997 ”Απε’θανεν

303 1016 357 1068 δὲ
385 1017 478 1069 καὶ
515 1015 679 1073 αὐτὸς
706 1015 730 1069 ὁ
761 1015 1041 1086 Θεόδωρος
1081 1017 1313 1085 ὕστερον
1350 1016 1519 1084 βιαίῳ
1561 1016 1800 1087 θανάτῳ.

299 1088 525 1157 λέγεται
586 1088 640 1142 δὲ
697 1088 954 1156 γενέσθαι
1020 1088 1241 1180 τρύφων
1307 1111 1402 1153 τις,
1458 1090 1528 1146 ὡς
1584 1089 1644 1141 ἐκ
1706 1095 1803 1155 τῆς

302 1162 574 1229 ποιήσεως
633 1160 799 1228 δῆλόν
865 1164 1034 1216 ἐστιν.
1129 1162 1207 1214 ἔτι
1263 1184 1371 1231 γαρ
1429 1162 1520 1214 καὶ
1585 1165 1677 1215 νῦν
1741 1160 1804 1214 αἱ

303 1238 555 1327 γυναῖκες
602 1234 831 1287 ἅδουσιν
874 1236 1045 1287 αὐτοῦ
1083 1234 1225 1299 μέλη
1269 1234 1394 1302 περὶ
1434 1233 1531 1291 τὰς
1566 1233 1801 1305 αἰώρας.’

304 1310 334 1375 ἡ
365 1307 418 1360 δὲ
447 1310 554 1360 τῶν
583 1290 849 1375 θεριστῶν
879 1305 986 1377 ᾠδὴ
1015 1306 1321 1375 Λιτυέρσης
1357 1311 1629 1360 καλεῖται.
1708 1307 1804 1360 καὶ

304 1383 409 1433 τῶν
444 1380 739 1446 μισθωτῶν
781 1379 836 1432 δέ
875 1402 956 1436 τις
998 1403 1059 1445 ην
1102 1379 1209 1450 ᾠδὴ
1239 1383 1344 1433 τῶν
1373 1381 1424 1436 ἐς
1451 1402 1574 1437 τους
1602 1379 1802 1447 ἀγροὺς

306 1453 636 1522 φοιτώντων,
654 1454 722 1509 ὡς
739 1451 1107 1518 Τηλεκλείδης
1123 1453 1295 1522 φησὶν
1312 1454 1366 1506 ἐν
1383 1451 1803 1522 Ἀμφικτύοσιν·

304 1526 398 1579 καὶ
424 1525 719 1589 βαλανέων
748 1525 935 1587 ἄλλαι,
963 1527 1030 1582 ὡς
1066 1526 1285 1594 Κράτης
1320 1527 1373 1578 ἐν
1408 1524 1672 1590 Τόλμαις·
1713 1525 1807 1578 καὶ

306 1602 414 1651 τῶν
453 1601 818 1651 πτισσουσῶν
862 1597 1011 1662 ἄλλη
1055 1621 1153 1658 τις,
1197 1599 1265 1656 ὡς
1303 1598 1709 1667 Ἀριστοφάνης
1751 1599 1804 1651 ἐν

309 1671 895 1741 Θεσμοφοριαζούσαις
938 1671 1033 1724 καὶ
1080 1671 1399 1741 Νικοχάρης
1446 1672 1500 1724 ἐν
1538 1668 1810 1737 (Ηρακλεῖ

307 1748 557 1814 Χορηγῷ.
635 1743 698 1809 ἣν
740 1744 793 1796 δὲ
834 1743 929 1797 καὶ
969 1747 1079 1800 τοῖς
1117 1743 1432 1811 ἡγουμένοις
1461 1746 1568 1796 τῶν
1595 1745 1805 1808 βοσκη-

306 1817 492 1886 μάτων
536 1815 562 1869 ὁ
604 1816 1023 1883 Βουκολιασμὸς
1068 1816 1420 1883 καλούμενος.
1516 1815 1718 1884 Δίομος
1762 1815 1805 1868 δ’

306 1892 370 1958 ἦν
396 1889 673 1953 βουκόλος
701 1887 1032 1953 Σικελιώτης
1065 1888 1090 1940 ὁ
1121 1892 1338 1958 πρῶτος
1363 1887 1530 1958 εὑρὼν
1557 1888 1618 1942 τὸ
1647 1888 1801 1947 εἶδος·

304 1961 624 2029 μνημονεύει
664 1960 705 2014 δ’
735 1962 905 2014 αὐτοῦ
931 1961 1278 2033 Ἐπίχαρμος
1319 1961 1374 2013 ἐν
1411 1959 1671 2014 εΑλκυόνι
1708 1961 1806 2015 καὶ

307 2037 363 2088 ἐν
412 2034 684 2087 Ὀδυσσεῖ
732 2037 998 2104 Ναυαγῷ.
1076 2036 1106 2101 ἡ
1161 2033 1216 2086 δὲ
1268 2034 1359 2087 ἐπὶ
1413 2034 1666 2090 θανάτοις
1712 2033 1807 2087 καὶ

306 2108 513 2164 λύπαις
566 2106 674 2177 ῴδὴ
721 2106 1036 2176 ὀλοφυρμὸς
1077 2110 1346 2160 καλεῖται.
1425 2106 1484 2159 αἱ
1530 2106 1586 2159 δὲ
1632 2108 1808 2160 ἴουλοι

307 2179 642 2247 καλούμεναι
688 2178 824 2250 ᾠδαὶ
871 2179 1122 2247 Δήμητρι
1168 2179 1262 2232 καὶ
1312 2177 1634 2249 Φερσεφόνῃ
1678 2179 1808 2249 πρέ-

308 2275 498 2306 πουσι.
575 2254 606 2319 ἡ
655 2251 708 2305 δὲ
752 2252 823 2309 εἰς
865 2252 1209 2305 Ἀπόλλωνα
1254 2251 1365 2323 ᾠδὴ
1409 2251 1692 2320 φιληλιάς,
1737 2253 1807 2309 ὡς

309 2325 626 2378 Τελέσιλλα
667 2324 1025 2393 παρίστησιν·
1067 2325 1323 2393 οὔπιγγοι
1352 2324 1407 2377 δὲ
1437 2323 1493 2377 αἱ
1521 2324 1594 2381 εἰς
1615 2323 1808 2392 ”Αρτε-

307 2421 415 2466 μιν.
492 2397 688 2466 ᾔδοντο
731 2397 785 2449 δὲ
812 2396 1084 2465 Ἀθήνησι
1126 2397 1218 2450 καὶ
1245 2397 1296 2450 οἱ
1326 2395 1625 2468 Χαρώνδου
1655 2394 1808 2466 νόμοι

392 2554 406 2578 ¹
433 2553 528 2594 Cas.
564 2551 630 2607 <oi
651 2552 792 2607 αὐτοί>
924 2553 939 2577 2
971 2553 1100 2594 Kaib.
1127 2553 1239 2594 from
1260 2553 1465 2606 Hesych:
1498 2566 1584 2592 mss
1604 2553 1741 2604 ἐώραις

313 2695 411 2753 496
