1900 3072
792 161 980 207 LYRA
1030 160 1312 208 GRAECA

1037 294 1066 339 5

351 380 429 419 Ar.
457 380 568 419 Plut.
593 380 673 420 296
729 385 912 421 ΧΟΡΟΣ.
971 380 1086 429 ἡμεῖς
1108 378 1151 419 δέ
1170 379 1209 430 γ’
1237 378 1284 419 αὖ
1307 377 1538 429 ζητήσομεν
1557 380 1803 429 θρεττανελὸ

297 436 368 474 τὸν
393 435 595 474 Κύκλωπα
621 436 624 487 Ι
652 436 932 486 βληχώμενοι,
957 435 1004 475 σὲ
1025 437 1185 474 τουτονὶ
1207 437 1383 474 πινῶντα
1403 434 1712 479 καταλαβόντες
1737 435 1744 485 1

453 521 636 591 πήραν
664 520 865 592 ἔχοντα
894 521 1126 592 λάχανά
1152 521 1198 573 τ’
1227 520 1395 591 ἄγρια
1423 520 1659 591 δροσερά

299 629 584 677 κραιπαλῶντα
610 623 615 678 Ι
641 624 869 675 ἡγούμενον
899 629 982 665 τοῖς
1005 625 1256 676 προβατίοις,
1284 622 1289 678 Ι
1315 625 1404 671 εἰκῆ
1427 623 1469 663 δὲ
1501 622 1803 675 καταδαρθόντα

297 698 373 720 που
398 680 406 732 Ι
429 683 559 731 μέγαν
580 680 782 726 λαβόντες
804 678 982 730 ἡμμένον
1004 681 1236 731 σφηκίσκον
1257 681 1534 731 ἐκτυφλῶσαι.

353 766 450 807 Sch.
486 768 541 806 ad
570 768 641 806 loe.
702 765 833 815 πήραν
864 766 1029 818 ἔχοντα·
1063 765 1138 815 (αί)
1165 763 1379 816 Φιλοξένου
1419 765 1508 805 ἐστὶ
1546 762 1803 816 παρηγμένον

299 825 363 861 καὶ
405 824 529 861 τοῦτο
567 824 615 861 τὸ
655 820 780 873 ῥητόν
812 853 819 862 .
853 852 862 861 .
896 852 903 861 .
936 821 1013 872 (βΙ)
1064 824 1234 862 ἐνταῦθα
1282 825 1302 860 ὃ
1341 823 1512 868 ποιητὴς
1554 823 1803 871 παιγνιωδῶς

298 875 477 929 ἐπιφέρει
497 877 548 915 τὰ
568 880 642 916 τοῦ
661 878 876 928 Φιλοξένου
898 877 1081 918 εἰπόντος
1102 877 1233 928 πήραν
1253 875 1478 925 βαστάζειν
1497 878 1571 915 τὸν
1599 876 1803 916 Κύκλωπα

299 936 363 972 καὶ
403 933 569 982 λάχανα
609 933 771 973 ἐσθίειν.
831 933 933 972 οὕτω
970 932 1049 983 γὰρ
1095 931 1295 979 πεποίηκε
1342 933 1416 970 τὸν
1462 934 1535 971 τοῦ
1581 931 1804 972 Κύκλωπος

300 991 517 1037 ὑποκριτὴν
534 989 590 1028 εἷς
607 989 682 1034 τὴν
698 989 853 1036 σκηνὴν
871 986 1152 1038 εἰσαγόμενον.
1188 987 1370 1037 ἐμνήσθη
1387 986 1429 1026 δὲ
1447 989 1522 1034 τῆς
1534 988 1797 1037 τυφλώσεως,

299 1045 347 1083 ὡς
369 1045 492 1090 οὔσης
515 1045 556 1082 ἐν
575 1045 634 1093 τῷ
652 1043 845 1093 ποιήματι
876 1073 884 1082 .
916 1075 924 1084 .
961 1073 970 1083 .

1036 1217 1063 1262 6

358 1305 455 1345 Sch.
491 1305 673 1344 Theocr.
706 1306 767 1344 ll.
796 1305 814 1343 1
877 1334 885 1343 .
922 1334 930 1343 .
968 1335 975 1342 .
1012 1304 1075 1342 καὶ
1109 1302 1320 1353 Φιλόξενος
1350 1304 1422 1341 τὸν
1460 1302 1662 1343 Κύκλωπα
1692 1307 1801 1343 ποιεῖ

296 1359 646 1412 παραμυθούμενον
677 1361 821 1399 ἑαυτὸν
852 1359 915 1397 ἐπὶ
946 1363 1002 1407 τῷ
1032 1360 1107 1405 τῆς
1136 1358 1357 1398 Γαλατείας
1382 1357 1498 1409 ἔρωτι
1520 1360 1584 1398 καὶ
1608 1357 1799 1398 ἐντελλό-

296 1431 416 1464 μενον
447 1419 530 1456 τοΐς
566 1417 754 1465 δελφῖσιν
788 1416 892 1454 ὅπως
923 1413 1232 1464 ἀπαγγείλωσιν
1266 1416 1380 1465 αὐτῇ,
1409 1415 1471 1452 ὅτι
1501 1416 1591 1453 ταῖς
1621 1412 1800 1454 Μούσαις

295 1473 370 1510 τὸν
402 1469 529 1521 ἔρωτα
559 1470 726 1509 ἀκεῖται.

350 1555 472 1595 Plut.
512 1557 554 1604 Q.
591 1555 710 1594 Conv.
750 1557 784 1595 1.
822 1556 847 1594 5
920 1556 1106 1605 ἐζητεῖτο
1140 1555 1245 1606 παρὰ
1285 1553 1445 1606 Σοσσίῳ
1486 1554 1584 1593 ὅπου
1623 1554 1687 1594 καὶ
1727 1555 1810 1594 τὸν·

298 1611 501 1651 Κύκλωπα

675 1684 910 1753 μούσαις
936 1684 1197 1754 εὐφώνοις
1225 1684 1418 1737 ἰᾶσθαι

296 1790 397 1843 φησὶ
427 1791 500 1829 τὸν
529 1789 657 1841 ἔρωτα
685 1788 907 1838 Φιλόξενος.

1035 1894 1061 1940 7

351 1981 533 2035 Diogen.
561 1982 601 2024 7.
623 1982 675 2021 82

745 2059 855 2127 πῦρ
881 2056 973 2108 ἐπὶ
1001 2054 1171 2108 δαλὸν
1197 2053 1361 2109 ἐλθόν

299 2162 361 2200 ἐπὶ
383 2164 464 2200 τῶν
483 2158 643 2210 ταχέως
663 2159 895 2211 γινομένων·
929 2160 1006 2198 ἀπὸ
1027 2161 1100 2198 τοῦ
1124 2157 1342 2199 Κύκλωπος
1363 2160 1386 2207 ἦ
1408 2157 1631 2211 μεταφοραί.

1035 2335 1064 2381 8

353 2433 457 2474 Αὶὴ.
507 2433 567 2473 13.
611 2434 729 2473 5640
765 2435 821 2484 [π.
863 2432 1041 2484 ἔρωτος]·
1093 2436 1112 2472 ὁ
1154 2430 1196 2471 δὲ
1234 2435 1306 2472 τοῦ
1350 2432 1544 2483 Κυθηρίου
1584 2429 1796 2482 Φιλοξένου

299 2489 488 2539 Κύκλωψ,
541 2490 639 2540 ἐρῶν
675 2490 751 2535 τῆς
790 2486 1011 2528 Γαλατείας
1054 2489 1117 2527 καὶ
1158 2489 1327 2527 ἐπαινῶν
1364 2489 1488 2534 αὐτῆς
1532 2488 1581 2526 τὸ
1621 2486 1790 2535 κάλλος,

300 2612 398 2672 388
