1900 3072
765 223 952 270 LYRA
1001 223 1282 271 GRAECA

756 366 785 413 5
857 367 997 428 ὕμνος
1025 367 1087 416 εἷς
1111 365 1291 428 Καιρόν

322 463 448 503 Paus.
488 465 524 504 5.
549 465 610 502 14.
637 464 661 503 9
711 462 820 503 Ἴωνι
854 463 897 503 δὲ
933 464 1022 504 οἶδα
1052 466 1109 513 τῷ
1141 462 1224 513 Χίῳ
1259 462 1324 502 καὶ
1360 463 1479 512 ὕμνον
1508 458 1775 510 πεποιημένον

268 521 424 581 Ιξαιροῦ·
456 522 701 570 γενεαλογεῖ
730 517 772 558 δὲ
803 521 845 558 ἐν
873 523 929 569 τῷ
960 522 1066 570 ὕμνῳ
1095 520 1298 559 νεώτατον
1326 517 1477 557 παίδων
1505 518 1598 557 Διὸς
1631 518 1776 569 Καιρὸν

261 582 374 614 εἶναι.

672 703 700 749 6
773 703 998 766 ἐγκώμιον
1024 704 1085 752 εἷς
1109 701 1368 763 Σκυθιάδην

322 801 517 840 Paroem.
561 813 629 852 ap.
671 798 820 839 Miller
859 798 982 840 Misc.
1027 800 1103 840 361
1182 798 1340 849 Αἷγιέες
1381 801 1475 840 οὔτε
1513 798 1641 851 τρίτοι
1680 801 1772 838 οὔτε

265 856 468 907 τέταρτοι·
502 884 512 894 .
545 885 554 894 .
587 885 595 894 .
629 855 692 894 ὅτι
729 856 809 907 γὰρ
839 853 996 895 τούτοις
1029 853 1215 906 ἐχρήσθη
1249 855 1313 895 καὶ
1345 857 1389 894 οὐ
1421 857 1677 907 Μεγαρεῦσιν
1708 855 1772 894 καὶ

258 910 352 951 Ἴων
370 909 567 961 μέμνηται
587 913 631 950 ἐν
649 914 706 961 τῷ
727 911 780 950 εἷς
804 909 1027 959 Σκυθιάδην
1046 911 1243 961 ἐγκωμίῳ.

1004 1113 1032 1159 7

321 1200 448 1239 Philo
480 1201 516 1240 6.
557 1201 608 1240 38
639 1199 793 1240 Cohn:
837 1198 1061 1247 Μιλτιάδης
1097 1201 1116 1237 ὁ
1156 1202 1237 1239 τῶν
1270 1198 1490 1247 Ἀθηναίων
1523 1197 1771 1251 στρατηγός,

266 1255 385 1302 ἡνίκα
403 1257 601 1301 βασιλεὺς
624 1258 643 1294 ὁ
666 1258 836 1306 Περσῶν
854 1255 1015 1294 ἅπασαν
1034 1256 1111 1302 τὴν
1132 1254 1262 1303 ἀκμὴν
1281 1258 1355 1302 τῆς
1374 1254 1514 1294 Ἀσίας
1533 1254 1771 1298 ἀναστήσας

265 1311 430 1362 μυριάσι
479 1314 653 1350 πολλαῖς
707 1311 908 1355 διέβαινεν
958 1312 1020 1350 ἐπὶ
1074 1311 1150 1357 τὴν
1197 1310 1388 1361 Εὐρώπην
1435 1312 1484 1350 ὡς
1533 1307 1773 1361 ἆναρπάσων

267 1367 455 1410 αὐτοβοεὶ
504 1368 579 1414 τὴν
614 1364 810 1413 Ἐλλάδα,
851 1367 1094 1418 συναγαγὼν
1141 1367 1184 1404 ἐν
1230 1369 1287 1415 τῷ
1341 1369 1628 1415 Παναθηναϊκῷ
1674 1365 1772 1404 τοὺς

267 1422 508 1472 συμμάχους
540 1420 702 1473 ὀρνίθων
737 1422 894 1472 ἀγῶνας
929 1422 1116 1471 ἐπέδειξε,
1153 1419 1282 1471 λόγου
1314 1422 1465 1461 παντὸς
1496 1419 1774 1466 δυνατωτέραν

267 1476 565 1527 ὑπολαμβάνων
591 1476 756 1516 ἔσεσθαι
784 1477 861 1523 τὴν
888 1477 951 1517 διὰ
979 1479 1054 1523 τῆς
1083 1475 1272 1522 τοιαύτης
1303 1474 1432 1524 ὄψεως
1458 1476 1771 1528 παρακέλευσιν.

267 1533 330 1571 καὶ
351 1533 511 1582 γνώμης
533 1550 552 1573 ο
559 1535 612 1582 ὔχ
632 1532 797 1582 ήμαρτε.
861 1533 1100 1582 θεασάμενοι
1119 1531 1198 1582 γὰρ
1227 1533 1276 1570 τὸ
1307 1533 1507 1579 τλητικὸν
1527 1533 1591 1571 καὶ
1613 1529 1769 1583 φιλότι-

264 1604 340 1637 μον
361 1589 457 1638 ἄχρι
476 1590 676 1634 τελευτῆς
699 1589 740 1626 ἐν
760 1584 925 1638 ἀλόγοις
948 1588 1167 1635 ἀήττητον,
1194 1585 1450 1639 ἁρπάσαντες
1470 1587 1523 1626 τὰ
1544 1587 1652 1627 ὅπλα
1670 1587 1767 1638 πρὸς

265 1644 339 1682 τὸν
357 1642 538 1693 πόλεμον
558 1645 762 1694 ὥρμησαν,
785 1645 834 1682 ὡς
858 1646 1013 1693 ἐχθρῶν
1033 1641 1316 1692 ἀγωνιούμενοι
1337 1643 1511 1692 σώμασι,
1531 1642 1772 1695 τραυμάτων

266 1698 329 1737 καὶ
353 1702 524 1748 σφαγῶν
543 1699 790 1748 ἀλογοῦντες
811 1698 906 1750 ὑπὲρ
925 1700 997 1738 τοῦ
1019 1699 1083 1737 καὶ
1104 1696 1369 1738 ἀποθανόντες
1391 1700 1434 1737 ἐν
1453 1698 1651 1750 ἐλευθέρῳ
1669 1700 1772 1748 γοῦν

264 1757 320 1803 τῷ
354 1756 428 1800 τῆς
458 1755 649 1805 πατρίδος
685 1754 823 1803 ἐδάφει
856 1757 1046 1805 ταφῆναι·
1076 1755 1304 1804 προτροπῆς
1340 1755 1419 1805 γὰρ
1453 1754 1509 1793 εἷς
1542 1753 1771 1798 βελτίωσιν

265 1809 380 1848 οὐδὲν
426 1809 551 1849 οὕτως
599 1812 727 1848 αἴτιον
775 1810 823 1846 ὡς
873 1810 896 1856 ἡ
945 1813 1026 1848 τῶν
1073 1808 1359 1859 ἀφανεστέρων
1409 1808 1571 1848 ἐλπίδος
1620 1807 1769 1856 μείζων

264 1864 526 1916 κατόρθωσις.
584 1867 656 1903 τοῦ
688 1862 730 1902 δὲ
761 1864 847 1914 περὶ
880 1865 974 1904 τοὺς
1007 1864 1159 1915 ὄρνιθας
1187 1864 1402 1914 ἐναγώνιον
1427 1863 1623 1914 μέμνηται
1654 1865 1718 1903 καὶ
1750 1864 1770 1901 ὅ

264 1922 456 1971 τραγικὸς
470 1920 562 1958 Ἴων
583 1921 645 1959 διὰ
665 1918 833 1958 τούτων·

410 2005 518 2058 οὐδ’
546 2005 574 2058 ὅ
599 2027 662 2072 γε
689 2008 850 2073 σῶμα
878 2005 1067 2061 τυπεὶς

412 2078 618 2147 διφυεῖς
645 2101 704 2131 τε
731 2076 894 2146 κόρας
920 2076 1251 2130 ἐπιλάθεται
1280 2077 1475 2139 ἀλκᾶς,

409 2149 539 2202 ἀλλ’
570 2149 970 2221 ὀλιγοδρανέων
995 2150 1387 2220 φθογγάζεται·

412 2224 649 2277 θάνατον
678 2223 732 2276 δέ
758 2245 820 2292 γε
837 2223 858 2256 1
885 2222 1225 2280 δουλοσύνας
1252 2222 1632 2293 προβέβουλε.

569 2353 584 2377 1
613 2366 703 2393 mss
724 2353 816 2393 also
838 2354 872 2392 δ’
894 2354 964 2405 ὅγε
987 2354 1036 2404 (δ’
1061 2354 1146 2403 ὅτε)
1170 2353 1282 2393 from
1302 2352 1440 2392 above

267 2675 361 2720 228
