1900 3072
724 208 910 254 LYRA
960 207 1240 255 GRAECA

354 339 440 390 ἐπ.
519 336 819 408 Δαϊανείρᾳ
847 336 1202 405 πολύδακρυν
1228 337 1399 404 ὕφανε

357 422 409 459 25
445 416 608 478 μῆτιν
635 409 884 480 ἐπίφρον’
914 409 1031 463 ἐπεὶ

448 482 637 535 πύθετ’
671 482 937 550 ἀγγελίαν
963 481 1338 542 ταλαπενθέα,

450 554 636 607 Ἰόλαν
665 555 748 608 ὅτι
775 554 1112 608 λευκώλενον

449 628 576 684 Διὸς
605 626 714 684 υἱὸς
742 627 1148 698 ἀταρβομάχας

450 701 658 772 ἄλοχον
685 700 929 768 λιπαρὸν
955 701 1084 754 ποτὶ
1113 700 1274 767 δόμον
1302 699 1525 767 πέμποι.

344 784 410 831 ,30
448 772 480 824 ἃ
511 772 795 843 δύσμορος,
827 773 860 824 ἆ
889 772 1126 833 τάλαιν’,
1156 773 1265 826 οἷον
1292 772 1557 841 ἐμήσατο·

451 844 650 913 φθόνος
678 845 937 915 εὐρυβίας
967 868 1047 898 νιν
1068 845 1360 899 ἀπώλεσεν

450 917 676 988 δνόφεόν
704 941 761 971 τε
789 919 1058 986 κάλυμμα
1085 922 1191 971 τῶν

448 992 678 1058 ὕστερον
704 990 1026 1061 ἐρχομένων,

449 1063 525 1117 ὅτ’
554 1064 646 1117 ἐπὶ
666 1064 685 1093 ¹
712 1062 950 1133 ῥοδόεντι
977 1062 1242 1137 Λυκόρμᾳ

449 1136 641 1205 δέξατο
670 1136 897 1190 Νέσσου
927 1138 1080 1206 πάρα
1108 1135 1385 1205 δαιμόνιον
1412 1135 1588 1208 τέρας.

877 1314 937 1360 12
967 1313 1086 1377 (xvi)

723 1411 936 1464 Ἢΐθεοι
963 1411 995 1478 ἢ
1026 1411 1240 1476 Θησεύς

267 1560 387 1607 στρ.
410 1535 459 1588 α’
541 1534 923 1606 Κυανόπρῳρα
949 1535 1046 1603 μὲν
1073 1539 1199 1592 ναῦς
1226 1534 1562 1603 μενέκτυπον

484 1608 675 1674 Θησέα
703 1608 782 1665 δὶς
811 1609 952 1661 ἑπτά
981 1609 1028 1661 τ’
1055 1609 1300 1676 ἀγλαοὺς
1329 1607 1545 1677 ἄγουσα

485 1683 711 1750 κούρους
737 1680 961 1735 Ἰαόνων

485 1754 761 1823 Κρητικὸν
786 1754 954 1819 τάμνε
981 1753 1246 1819 πέλαγος·

421 1837 446 1874 5
487 1826 755 1894 τηλαυγέϊ
779 1826 888 1898 «γὰρ
917 1827 1017 1895 [ἐν]
1047 1826 1210 1894 φάρεϊ

481 1901 708 1968 βορήϊαι
735 1900 928 1952 πίτνον
956 1901 1121 1968 αὖραι

482 1975 690 2029 κλυτᾶς
718 1972 874 2024 ἕκατι
899 1970 1341 2039 π[ο]λεμαίὙιδος
1366 1971 1626 2029 Ἀθάνας·

478 2044 664 2098 κνίσεν
689 2067 748 2097 τε
775 2043 960 2097 Μίνωϊ
978 2044 999 2076 2
1023 2045 1154 2115 κέαρ

485 2117 857 2186 ἱμεράμπυκος
886 2117 1012 2173 θεᾶς

396 2202 446 2242 10
486 2190 765 2259 Κύπριδος
792 2190 913 2242 αἰνὰ
947 2191 1109 2257 δῶρα·

480 2267 643 2333 χεῖρα
671 2261 714 2313 δ’
745 2262 925 2314 οὐκέτι
955 2262 1290 2331 παρθενικᾶς

482 2335 662 2404 ἄτερθ’
690 2335 927 2401 ἐράτυεν,
956 2334 1109 2402 θίγεν

481 2407 535 2460 δὲ
561 2411 765 2460 λευκᾶν
792 2408 1089 2476 παρηΐδων·

483 2479 662 2540 βόασέ
689 2480 734 2532 τ’
761 2479 1014 2549 Ἐρίβοια
1041 2487 1250 2550 χαλκο-

393 2565 442 2603 15
482 2554 703 2620 θώρακα
733 2551 1030 2609 Πανδίονος

228 2654 289 2712 98
