1900 3072
760 178 943 224 LYRA
997 179 1275 226 GRAECA

335 309 447 356 Sch.
476 309 537 355 ad
564 308 644 356 loe.
695 308 849 366 οὗτος
891 308 997 380 γὰρ
1041 310 1108 367 ὡς
1155 309 1401 381 ἄμορφος
1453 311 1542 364 καὶ
1596 311 1763 380 ἀηδὴς

262 380 654 444 διαβάλλεται.

335 485 465 532 Plut.
496 485 554 538 Q.
587 485 721 532 Com.
757 490 803 538 4.
835 490 882 539 4
917 491 945 538 2
997 486 1061 553 [εἰ
1113 488 1143 552 ἡ
1199 487 1470 541 θάλασσα
1521 493 1617 555 τῆς
1666 493 1765 556 γῆς

263 556 616 626 εὐοψοτέρα]
667 559 846 612 καίτοι
880 560 1186 630 φαρμάκων
1222 559 1556 629 δυνάμεως
1532 584 1557 614 ο
1594 560 1764 629 ἰατρι-

264 629 507 686 κώτατος
562 629 789 699 ἄριστος
845 633 1032 699 κριτὴς
1090 634 1182 686 καὶ
1245 637 1428 700 μελῶν
1486 635 1680 701 ἀρετῆς
1737 633 1763 687 6

264 701 761 772 φιλομουσότατος,
827 707 1022 759 οὐκοῦν
1089 705 1183 759 καὶ
1248 706 1441 775 ἀρετῆς
1508 707 1667 777 ὄψων
1738 705 1764 759 ὁ

265 774 669 845 φιλοψότατος
718 779 780 831 οὐ
819 776 924 846 γὰρ
965 763 1272 869 Πυθαγόρα
1310 802 1371 847 γε
1411 778 1617 832 τούτων
1647 779 1767 832 οὐδὲ

265 848 600 917 Ξενοκράτει
643 849 896 921 διαιτητῇ
936 852 1229 923 χρηστέον,
1247 835 1560 926 Ανταγόρα
1601 851 1657 906 δὲ
1691 856 1767 922 τῷ

265 925 467 990 ποιητῇ
531 921 625 974 καὶ
689 907 970 994 Φιλοξένῳ
1042 929 1115 994 τῷ
1177 924 1452 995 Ἐρύξιδος
1524 947 1617 978 και
1691 929 1766 996 τῷ

268 995 535 1064 ζωγράφῳ
577 994 940 1059 Ἀνδροκύδει.

340 1101 467 1149 Ibid
495 1103 615 1152 And.
651 1103 773 1151 Poet.
809 1109 832 1156 1
864 1105 910 1158 εἰ
935 1104 1032 1171 μὲν
1061 1106 1130 1162 ὡς
1159 1104 1454 1172 Φιλόξενος
1483 1103 1508 1158 ὁ
1537 1103 1769 1172 ποιητὴς

265 1175 467 1243 ἔλεγεν,
505 1178 612 1229 τῶν
653 1180 824 1246 κρεῶν
867 1177 935 1230 τὰ
979 1177 1050 1246 μὴ
1095 1177 1226 1247 κρέα
1268 1177 1470 1246 ἥδιστά
1512 1179 1632 1232 ἐστι
1677 1177 1771 1231 καὶ

267 1252 374 1301 τῶν
402 1248 611 1320 ἰχθύων
637 1250 689 1302 οἱ
715 1250 789 1318 μὴ
815 1250 1003 1321 ἰχθύες
1045 1292 1054 1304 .
1101 1294 1110 1304 .
1157 1293 1167 1304 .

340 1357 460 1403 Affll·
527 1358 569 1421 53
635 1358 784 1404 220³
835 1358 1123 1428 πεφύκασι
1176 1357 1216 1410 δ’
1261 1358 1312 1411 οἱ
1352 1362 1610 1411 πλεῖστοι
1661 1361 1770 1412 τῶν

269 1431 599 1500 φιλοσόφων
663 1436 769 1485 τῶν
846 1435 1098 1499 κωμικῶν
1182 1431 1483 1501 κακήγοροι
1551 1435 1772 1498 μᾶλλον

268 1503 420 1565 εἶναι,
453 1505 503 1557 εἴ
526 1528 588 1572 γε
619 1505 713 1558 καὶ
749 1504 1026 1575 Αἰσχίνης
1063 1502 1088 1557 6
1117 1504 1466 1573 Σωκρατικὸς
1493 1504 1549 1556 ἐν
1572 1503 1669 1571 μὲν
1696 1508 1770 1574 τῷ

267 1578 551 1645 Τηλαυγεῖ
587 1620 598 1630 .
645 1621 654 1630 .
701 1620 711 1631 .
753 1576 778 1630 6
809 1577 864 1630 δὲ
900 1577 1157 1634 Καλλίας
1186 1578 1356 1630 αὐτοῦ
1391 1575 1636 1647 περιέχει
1670 1576 1770 1641 τὴν

268 1654 364 1703 τοῦ
403 1650 659 1704 Καλλίου
690 1650 828 1717 πρὸς
859 1650 952 1702 τὸν
988 1649 1206 1720 πατέρα
1242 1648 1512 1719 διαφορὰν
1548 1649 1642 1702 καὶ
1672 1650 1771 1714 τὴν

268 1721 543 1792 Προδίκου
586 1724 679 1776 καὶ
733 1721 1108 1811 Ἀναξαγόρου
1161 1725 1268 1775 τῶν
1319 1725 1608 1790 σοφιστῶν
1660 1721 1770 1775 δια-

267 1795 530 1864 μώκησιν.
606 1796 755 1864 λέγει
795 1818 901 1863 γαρ
946 1798 1013 1851 ὡς
1067 1794 1091 1847 6
1128 1796 1225 1863 μὲν
1269 1793 1540 1865 Πρόδικος
1592 1796 1776 1863 Θηρα-

267 1867 431 1936 μένην
470 1868 725 1936 μαθητὴν
760 1867 1114 1928 ἀπετέλεσεν,
1143 1867 1168 1920 ὁ
1199 1866 1240 1920 δ’
1264 1868 1448 1958 ἕτερος
1477 1865 1776 1934 Φιλόξενον

269 1940 363 1994 τὸν
390 1941 670 2012 Ἐρύξιδος
710 1942 803 1994 καὶ
843 1939 1182 2010 Ἀριφράδην
1224 1939 1317 1993 τὸν
1355 1938 1597 2010 ἀδελφὸν
1622 1938 1770 2009 Ἀρι-

268 2013 480 2080 γιώτου
545 2018 640 2067 τοῦ
704 2015 1025 2083 κιθαρῳδοῦ,
1093 2012 1268 2066 θέλων
1331 2012 1442 2066 ἀπὸ
1505 2017 1601 2079 τῆς
1665 2015 1773 2065 τῶν

271 2086 625 2151 δηλωθέντων
643 2086 952 2157 μοχθηρίας
974 2086 1064 2139 καὶ
1085 2086 1207 2155 περὶ
1231 2084 1299 2138 τὰ
1317 2089 1512 2154 φαῦλα
1529 2083 1774 2174 λιχνείας

271 2158 569 2229 ἐμφανίσαι
598 2159 696 2228 τὴν
724 2163 831 2213 τῶν
859 2158 1275 2212 παιδευσάντων
1302 2157 1685 2212 διδασκαλίαν.

329 2337 344 2361 ¹
374 2350 452 2377 son
491 2351 539 2378 or
577 2338 724 2378 father
764 2338 808 2378 of
853 2338 944 2377 this
984 2337 1064 2385 P.;
1119 2337 1310 2390 ‘Eryxis
1353 2335 1399 2376 of
1440 2337 1518 2376 the
1560 2336 1686 2376 deme
1729 2334 1775 2375 of

272 2390 511 2443 Cephisia'
534 2406 684 2432 occurs
706 2393 912 2432 maoth
919 2391 1044 2433 Cent.
1072 2392 1348 2444 inscription,
1373 2392 1411 2431 I.
1440 2392 1486 2431 G.
1511 2392 1540 2431 i.
1567 2391 1658 2431 338.
1687 2391 1725 2429 1.
1749 2390 1774 2429 6

274 2446 289 2470 ²
321 2447 478 2486 stories
521 2446 669 2486 follow
713 2447 990 2498 illustrating
1033 2446 1296 2499 Antagoras’
1341 2443 1428 2485 and
1471 2443 1773 2497 Androcydes'

273 2499 370 2540 love
391 2501 435 2540 of
463 2500 573 2551 fish3
606 2501 885 2541 Philoxenus⁷
908 2502 1163 2553 reputation
1185 2514 1274 2540 was
1302 2499 1566 2552 apparently
1590 2499 1697 2539 such
1726 2511 1775 2537 as

273 2559 320 2594 to
355 2554 466 2595 need
500 2569 556 2596 no
590 2556 764 2596 further
799 2560 1019 2596 comment,
1180 2556 1197 2580 ³
1228 2555 1306 2595 the
1339 2553 1484 2595 Greek
1514 2556 1552 2594 is
1584 2552 1775 2607 perhaps

279 2647 372 2692 342
