1900 3072
802 259 987 304 LYRA
1035 257 1314 304 GRAECA

336 420 408 455 ἃς),
569 388 712 455 [ζώει
741 388 900 444 κλέος
927 386 1228 455 ἁδυεπεζων]

567 463 744 527 [ἕκατι
774 463 1034 527 λΙουσᾶν]

566 533 890 600 [ἀθανάταις
921 532 1021 585 σὺν
1049 532 1300 599 ἀοιδαῖς]

445 618 522 657 175
563 608 624 659 οὐ
651 605 756 673 «γὰρ
778 605 1067 673 ἀλαμπέσι
1096 603 1287 662 νυκτὸς

564 677 885 747 πασιφανὴς
911 676 1114 748 Ἀρετὰ

563 751 849 822 κρυφθεῖσ’
876 752 1246 821 ἀμαυρο[ῦται
1274 747 1597 817 δνόφοισιν,]
1621 748 1641 780 1

370 827 486 877 ἀντ.
518 823 560 882 ς’
640 823 769 875 ἀλλ’
797 823 1030 891 ἔμπεδον
1057 821 1405 892 ἀκ[αμάτα]”
1384 841 1406 853 ···

561 896 816 966 βρύουσα
846 895 977 968 δόξα

442 982 521 1021 180
561 973 889 1058 στρωφᾶται
917 967 1056 1020 κατὰ
1085 972 1188 1035 Γγᾶν
1216 989 1273 1020 τε

563 1042 653 1094 καὶ
682 1041 1124 1108 πολύπλαγκτον
1152 1040 1471 1093 θάλασσαν.

563 1116 658 1168 καὶ
682 1113 788 1182 μὰν
817 1113 1114 1183 φερεκυδέα
1145 1117 1312 1166 νᾶσον

564 1187 776 1239 Αἰακοῦ
805 1189 953 1256 τιμᾶ,
984 1186 1086 1238 σὺν
1115 1187 1216 1238 Εὐ-

564 1258 725 1312 κλεία
751 1258 805 1311 δὲ
833 1260 1230 1329 φιλοστεφάνῳ

443 1345 522 1383 185
561 1316 728 1385 πόλιν
756 1333 1015 1402 κυβερνᾶ,

564 1404 808 1470 Εὐνομία
836 1427 893 1457 τε
921 1403 1202 1474 σαόφρων,

564 1479 598 1530 ἃ
626 1476 828 1534 θαλίας
856 1500 913 1529 τε
938 1476 1215 1547 λέλοὙχεν

564 1551 738 1603 ἄστεά
767 1551 810 1602 τ’
839 1549 1113 1613 εὐσεβέων

565 1622 822 1692 ιινδρῶν’
799 1646 852 1675 εν
877 1622 1062 1692 εἰρήνα
1088 1621 1389 1691 φυλάσσει.

413 1696 496 1747 ἐπ.
517 1694 558 1754 ς’
639 1696 792 1748 νίκαν
822 1693 866 1747 τ’
895 1694 1140 1761 ἐρικυδέα
1166 1693 1410 1761 μέλπετ’,
1440 1692 1480 1746 ὦ
1509 1691 1632 1753 νέοι,

444 1781 519 1819 191
564 1768 769 1832 Πυθέα,
797 1768 1035 1835 μελέταν
1063 1790 1120 1820 τε
1146 1768 1357 1837 βροτω-

566 1840 742 1910 φελέα
774 1840 1110 1910 Μενάνδρου,

564 1913 666 1966 τὰν
692 1911 775 1965 ἐπ’
803 1912 1071 1983 Ἀλφειοῦ
1101 1935 1157 1964 τε
1183 1912 1333 1982 ῥοαῖς
1360 1910 1512 1978 θαμὰ
1539 1909 1603 1977 δὴ

565 1984 795 2052 τίμασεν
822 1987 857 2038 ἁ
884 1986 1280 2074 χρυσάρματος

446 2071 524 2110 195
565 2058 738 2127 σεμνὰ
763 2059 1078 2126 μεγάθυμος
1103 2057 1335 2116 Ἀθάνα,

565 2130 770 2200 μυρίων
797 2155 826 2184 τ
830 2130 972 2197 ’ἠδη
998 2130 1280 2199 μίτραισιν
1309 2127 1512 2199 ἀνέρων

566 2205 951 2273 ἐστεφάνωσεν
980 2204 1187 2272 ἐθείρας

567 2277 622 2329 ἐν
647 2278 1025 2329 Πανελλάνων
1052 2276 1286 2332 ἀέθλοις.
1311 2330 1314 2332 ,

368 2406 489 2454 στρ.
513 2381 558 2448 ζ’
637 2383 683 2435 εἰ
707 2384 782 2451 μή
810 2406 929 2436 τινα
959 2381 1251 2453 θερσιεπὴς

440 2467 524 2507 200
562 2455 762 2525 φθόνος
787 2458 999 2519 βιᾶται,

568 2528 781 2581 αἰνείτω
811 2527 986 2598 σοφὸν
1013 2526 1186 2596 ἄνδρα

567 2600 669 2652 σὺν
696 2600 834 2674 δίκα.
911 2603 1131 2670 βροτῶν
1159 2599 1214 2652 δὲ
1239 2602 1424 2667 μῶμος

321 2716 413 2759 194
