1900 3072
829 511 1271 568 ΑΡΙΦΡΟΝΟΣ

985 638 1113 696 Βίος

369 753 417 799 C.
442 753 478 800 I.
500 753 555 799 A.
586 752 716 801 1280
790 743 1161 815 ᾈΙνησίμαχος
1190 741 1631 811 ’Μνησιστράτου
1669 739 1797 793 Θεό-

299 843 452 888 τιμος
494 818 758 883 Διοτίμου
806 816 1127 887 ἐχορήγουν,
1170 813 1453 885 Ἀρίφρων
1499 812 1799 873 ἐδίδασκεν,

300 892 641 965 Πολυχάρης
672 889 944 959 Κώμωνος
973 888 1272 941 ἐδίδασκεν.

831 1110 1274 1171 ΑΡΙΦΡΟΝΟΣ

827 1245 981 1291 Παιάν
1008 1246 1069 1292 εἷς
1094 1240 1293 1305 Ὑγίειαν

358 1345 463 1385 Ath.
511 1345 571 1383 15.
610 1343 685 1385 701
702 1341 733 1382 f.
790 1342 893 1391 μετὰ
930 1340 1047 1380 ταῦτ’
1080 1343 1156 1388 ἤδη
1199 1337 1439 1389 μελλόντων
1477 1339 1541 1378 καὶ
1575 1339 1685 1388 ἡμῶν
1723 1338 1804 1377 ἀνί-

305 1405 478 1441 στασθαι
507 1401 753 1444 ἐπεισῆλθον
781 1399 921 1436 παῖδες
954 1393 1145 1447 φέροντες
1177 1398 1195 1434 ὁ
1225 1394 1301 1444 μέν
1331 1410 1393 1434 τις
1423 1393 1678 1445 θυμιατήριον
1711 1395 1731 1431 ὅ
1763 1391 1804 1432 δὲ

351 1487 358 1495 .
397 1453 432 1495 .²
462 1458 508 1494 ἐκ
527 1455 600 1493 τοῦ
631 1452 887 1504 θυμιατηρίου
916 1480 927 1491 .
959 1480 967 1489 .
1004 1480 1014 1489 .
1047 1450 1110 1490 καὶ
1142 1453 1187 1490 ἐκ
1215 1452 1288 1488 τοῦ
1317 1451 1563 1497 λιβανωτοῦ,
1587 1451 1673 1488 τοῖς
1702 1451 1806 1488 θεοῖς

304 1513 403 1549 πᾶσι
431 1511 496 1549 καὶ
518 1508 666 1549 πάσαις
689 1507 915 1558 εὐξάμενος,
941 1507 1180 1546 ἐπισπείσας
1200 1508 1274 1544 τοῦ
1295 1507 1402 1544 οἴνου
1423 1504 1488 1544 καὶ
1510 1504 1602 1542 δοὺς
1624 1505 1727 1543 κατὰ
1755 1505 1805 1542 τὸ

307 1567 471 1615 νόμιμον
500 1565 549 1603 τὸ
580 1564 797 1613 ἐπιχώριον
828 1562 877 1602 τὸ
909 1561 1054 1601 λοιπὸν
1080 1564 1151 1600 τοῦ
1183 1559 1355 1608 ἀκράτου
1387 1564 1444 1609 τῷ
1475 1557 1623 1598 διδόντι
1653 1561 1807 1598 ἐκπιεῖν

304 1621 427 1668 παιδί,
469 1620 542 1658 τὸν
581 1621 637 1659 εἷς
674 1619 751 1665 τὴν
794 1617 974 1667 ’Ὑγίειαν
1013 1618 1166 1655 Παιᾶνα
1213 1615 1317 1669 ᾅσας
1363 1615 1437 1653 τὸν
1475 1612 1692 1661 ποιηθέντα
1731 1614 1806 1652 ὑπὸ

305 1676 536 1728 Ἀρίφρονος
558 1676 631 1713 τοῦ
654 1674 868 1713 Σικυωνίου
888 1669 1042 1711 τόνδε·2

450 1750 463 1767 ‘
483 1748 696 1817 ΤΎίεια,
727 1745 1055 1818 πρεσβίστα
1080 1745 1360 1815 μακάρων,
1387 1741 1526 1812 μετὰ
1553 1747 1651 1797 σεῦ
1678 1741 1786 1796 ναί-

455 1845 567 1890 οιμι
596 1821 657 1875 τὸ
684 1820 1010 1887 λειπόμενον

453 1897 665 1959 βιοτᾶς,
696 1898 765 1947 σὺ
794 1893 851 1946 δέ
876 1915 968 1960 μοι
997 1891 1260 1961 πρόφρων
1287 1889 1537 1946 σύνοικος
1565 1890 1692 1954 εἴης·

455 1968 500 2021 εἰ
525 1969 632 2036 «γάρ
661 1989 741 2024 τις
769 1966 801 2033 ἢ
829 1964 1077 2018 πλούτου
1104 1964 1268 2034 χάρις·
1296 1962 1329 2030 ἢ
1356 1961 1553 2016 τεκέων
1577 1961 1610 2029 ἦ
1629 1962 1650 1993 3

390 2054 414 2092 5
455 2045 550 2097 τᾶς
579 2039 927 2106 ἰσοδαίμονος
956 2037 1159 2106 ἀνθρώ-

456 2135 579 2170 ποις·
606 2111 941 2177 ,Βασιληΐδος
970 2112 1145 2179 ἀρχᾶς
1172 2109 1202 2175 ἢ
1233 2107 1418 2161 πόθων

369 2220 384 2245 ¹
415 2234 499 2273 gap
520 2220 564 2259 of
585 2221 608 2259 9
629 2219 672 2258 11.
700 2220 743 2257 in
767 2232 831 2257 ms
1016 2216 1030 2239 2
1060 2222 1185 2255 stone
1207 2215 1335 2254 reads
1357 2216 1473 2264 (1-2)
1496 2231 1607 2266 υγεια
1625 2218 1810 2267 βροτοισι

312 2291 378 2325 πρ.
417 2274 503 2314 und
536 2291 610 2314 σου
643 2276 707 2321 (so
739 2272 878 2322 BIax.)
917 2288 997 2311 νειν
1038 2273 1123 2319 (ί.σ.
1163 2270 1316 2318 ναίειν),
1353 2287 1401 2309 το
1435 2279 1580 2309 λοιπον
1611 2273 1717 2320 βιου,
1751 2269 1808 2318 (3)

311 2340 500 2381 προφρων
531 2335 692 2380 ξυγειην
725 2327 901 2377 (ζυγείης
941 2340 987 2366 ον
1027 2326 1188 2372 συνείης
1203 2325 1250 2375 ?),
1288 2324 1400 2375 (4—5)
1445 2328 1494 2372 ηδ
1533 2329 1642 2365 αυθις
1670 2341 1694 2372 η
1734 2331 1806 2364 πλ.

314 2401 433 2437 χαριν
453 2401 477 2432 η
497 2401 580 2425 τεκ.
609 2386 657 2429 ηδ
678 2388 784 2423 αυθις
807 2386 1036 2429 ευδαιμονος
1057 2385 1296 2432 ανθρωπους,
1319 2380 1434 2430 (6-8)
1465 2396 1594 2432 αρχας
1616 2389 1812 2430 ηπιοφρον

316 2440 453 2490 ζυὙιης
486 2445 586 2490 Αφρ.
624 2446 765 2477 ελκεσι
796 2439 883 2487 (i.e.
915 2437 1050 2486 ἕρκεσι
1080 2438 1128 2484 ⁴3),
1164 2435 1307 2484 (9-10)
1344 2437 1413 2482 ηδε
1444 2451 1506 2475 τις
1536 2433 1624 2474 and
1653 2438 1806 2486 τερψιν,

315 2496 404 2544 (11)
439 2509 537 2533 ακοα
576 2496 764 2532 τεθανται
804 2493 889 2541 (12)
928 2507 1031 2540 μετα
1068 2493 1130 2529 Ota
1169 2506 1284 2540 υγεια
1323 2489 1410 2540 (13)
1447 2505 1541 2541 χαρ.
1587 2505 1677 2529 οαος
1718 2489 1810 2538 (sic)

313 2548 330 2572 ³
359 2548 465 2589 Ath.
492 2548 623 2587 omits

315 2627 413 2670 400
450 2641 453 2643 -
