1900 3072
718 200 903 246 LYRA
953 199 1234 246 GRAECA

277 332 310 398 ἣ
337 330 508 389 καλὸς
536 329 845 400 Θεόκριτος·
887 330 949 383 οὐ
976 327 1136 397 μόνος
1164 327 1470 397 ἀνθρώπων
1499 328 1667 400 ἐρᾷς.1

225 427 287 467 καὶ
308 424 432 466 πάλιν
451 424 557 477 παρὰ
576 428 632 475 τῷ
653 425 759 475 αὐτῷ
779 422 1030 476 Βακχυλίδῃ·

298 501 368 554 σὺ
398 500 436 552 δ’
467 501 521 554 ἐν
547 502 742 571 χιτῶνι
767 497 947 568 μούνῳ

298 571 451 643 παρὰ
478 571 575 639 τὴν
603 571 773 642 φίλην
798 574 1034 640 γυναῖκα
1065 569 1298 640 φεύγεις.

227 668 324 706 ὅταν
343 667 417 717 μὲν
439 666 508 706 οὖν
522 664 683 716 βραχέα
710 664 737 717 ᾖ
767 666 818 705 τὰ
848 662 1184 716 ἐπιφθεγματικά,
1210 665 1332 703 τοῦτο
1353 662 1577 715 πρόσεστιν
1597 666 1731 706 αὐτοῖς

229 722 364 771 ὄνομα·
427 723 496 762 ἐὰν
520 721 562 760 δὲ
585 722 648 760 καὶ
671 722 900 767 τηλικαῦτα
924 721 1033 759 ὥστε
1063 719 1249 770 στροφὴν
1281 721 1519 771 ἐκπληροῦν,
1544 720 1606 759 καὶ
1638 735 1732 771 προ·

226 776 426 827 τετάχθαι
446 776 522 825 μὲν
539 777 614 823 τὴν
635 777 707 815 τοῦ
729 774 950 825 ποιήματος
968 775 984 800 2
1007 772 1205 825 στροφήν,
1235 774 1473 825 ἐπεζεῦχθαι
1494 774 1536 814 δὲ
1557 775 1634 822 τὴν
1652 778 1734 814 τῶν

229 834 593 884 ἐπιφθεγματικῶν,
617 832 704 871 εἶτα
724 831 850 870 πάλιν
869 831 921 869 τὰ
939 832 1012 870 ἴσα
1033 830 1136 869 κατὰ
1156 829 1230 868 τὸν
1250 831 1374 870 αὐτὸν
1395 828 1536 881 λόγον,
1553 828 1670 870 ἔσται
1684 830 1733 870 τὸ

226 890 410 928 τοιοῦτον
432 886 623 937 σύστημα
645 887 748 926 κατὰ
766 886 986 937 περικοπὴν
1006 885 1298 936 ἆνομοιομερές.

956 1084 1018 1138 Θ,

789 1186 1142 1246 ΣΚΟΛΙΩΝ
1161 1189 1183 1221 3

669 1375 1023 1446 Ἀλεξάνδρῳ
1049 1375 1300 1444 Ἀμύντα

291 1467 362 1506 Ox.
385 1466 491 1515 Pap.
517 1465 632 1504 1361.
662 1466 679 1502 1
699 1477 709 1503 ι

462 1538 473 1557 Ι
543 1538 562 1559 '3
726 1539 737 1557 Ι
1075 1537 1087 1556 Ι
1238 1538 1251 1556 Ι
1653 1539 1667 1556 Ι

275 1563 395 1610 στρ.
426 1563 460 1592 α
568 1542 619 1590 Ω
656 1540 916 1607 βαρβιτε,
947 1561 1141 1605 μηκετι
1172 1544 1478 1591 πασσαλον
1514 1541 1732 1609 φυλασο

638 1634 747 1664 σων

490 1685 793 1738 ἑπτάτονον
818 1682 1053 1753 λιγυρὰν
1081 1684 1346 1736 κάππαυε
1371 1686 1562 1754 γᾶρυν·

493 1756 628 1825 δεῦρ’
657 1759 708 1814 ἐς
737 1756 867 1821 ἐμὰς
895 1756 1078 1827 χέρας·
1121 1755 1358 1825 ὁρμαίνω
1388 1779 1440 1809 τι
1470 1755 1705 1825 πέμπειν

486 1829 723 1902 χρύσεον
751 1832 992 1882 Μουσᾶν
1018 1828 1369 1898 Ἀλεξάνδρῳ
1395 1828 1596 1897 πτέρου

275 1927 397 1974 στρ.
425 1903 480 1967 β’
562 1904 653 1956 καὶ
677 1901 1077 1968 συμποσίοισιν
1099 1900 1303 1970 ἄγαλμ’
1332 1902 1386 1955 ἐν
1407 1901 1740 1963 εἰκάδεσσιν,

429 1990 454 2028 6
492 1976 611 2029 εὖτε
639 1978 771 2028 νεῶν
799 1975 1023 2043 ἀγαθῶν
1049 1973 1260 2042 γλυκεῖ’
1280 1975 1302 2006 4
1330 1975 1547 2042 ἀνάγκα

493 2052 793 2114 σευομενᾶν
820 2049 1062 2100 κυλίκων
1089 2048 1349 2112 θάλπησι
1376 2046 1547 2115 θυμὸν

495 2120 772 2190 Κύπριδός
802 2119 846 2173 τ’
875 2120 1035 2177 ἐλπὶς
1064 2118 1362 2189 διαιθύσσῃ
1383 2121 1404 2154 5
1431 2119 1648 2190 φρένας,

281 2217 402 2264 στρ.
433 2194 480 2262 γ’
561 2193 595 2246 ἃ
622 2192 950 2262 μειγνυμένα
970 2193 991 2226 6
1019 2191 1370 2245 Διονυσίοισι
1400 2191 1591 2263 δώροις

403 2279 453 2318 10
494 2266 757 2333 ἀνδράσιν
775 2266 794 2297 7
836 2266 1103 2337 ὑψοτάτω
1131 2264 1338 2332 πέμπει
1363 2267 1644 2335 μερίμνας·

496 2338 696 2392 αὐτίκα
721 2339 817 2406 μὲν
843 2338 1057 2392 πολίων
1083 2337 1356 2408 κράδεμνα
1381 2337 1502 2391 λύει

495 2416 640 2464 πᾶσι
668 2410 710 2463 δ’
740 2410 1046 2481 ἀνθρώποις
1073 2411 1450 2482 μοναρχήσειν
1479 2410 1643 2470 δοκεῖ,

299 2528 314 2552 ¹
340 2527 451 2568 Ursz
479 2539 563 2565 mss
587 2528 677 2577 ὁρᾷς
775 2525 790 2550 ²
822 2524 1003 2566 Caesar:
1037 2538 1124 2564 mss
1144 2527 1313 2571 ποιητοῦ
1406 2525 1423 2550 ³
1447 2539 1493 2565 or
1512 2522 1744 2576 Ἐγκωμίων

244 2583 260 2608 ⁴
291 2586 338 2623 ab
368 2585 540 2634 γλυκεῖα
568 2580 721 2635 begins
751 2580 827 2621 the
858 2580 1042 2621 citation
1074 2580 1178 2622 Ath.
1209 2581 1245 2623 2.
1276 2581 1367 2627 39e
1396 2578 1539 2621 which
1569 2577 1743 2632 supple-

250 2652 342 2698 216
